@article{Fukushima1980,
  title={Neocognitron: A self-organizing neural network model for a mechanism of pattern recognition unaffected by shift in position},
  author={Fukushima, Kunihiko},
  journal={Biological cybernetics},
  volume={36},
  number={4},
  pages={193--202},
  year={1980},
  publisher={Springer}
}

@inproceedings{Raina2009,
  title={Large-scale deep unsupervised learning using graphics processors},
  author={Raina, Rajat and Madhavan, Anand and Ng, Andrew Y.},
  booktitle={Proceedings of the 26th annual international conference on machine learning},
  pages={873--880},
  year={2009},
  organization={ACM}
}

@article {Hinton2006b, 
author={Hinton, Geoffrey E. and Osindero, Simon and Teh, Yee-Whye},
title={A fast learning algorithm for deep belief nets}, 
volume={18}, 
number={7}, 
journal={Neural Computation}, 
publisher={MIT Press}, 
year={2006}, 
pages={1527--1554}, 
}

@article {Hinton2006, 
author={Hinton, Geoffrey E. and Salakhutdinov, Ruslan},
title={Reducing the dimensionality of data with neural networks}, 
volume={313}, 
number={5786}, 
journal={Science}, 
year={2006}, 
month={Jul}, 
pages={504--507}, 
}

@inproceedings{Krizhevsky2012,
  title={Imagenet classification with deep convolutional neural networks},
  author={Krizhevsky, Alex and Sutskever, Ilya and Hinton, Geoffrey E.},
  booktitle={Advances in neural information processing systems},
  pages={1097--1105},
  year={2012}
}

@inproceedings{Sainath2013,
  title={Deep convolutional neural networks for {LVCSR}},
  author={Sainath, Tara N. and Mohamed, Abdel-rahman and Kingsbury, Brian and Ramabhadran, Bhuvana},
  booktitle={2013 IEEE International Conference on Acoustics, Speech and Signal Processing (ICASSP)},
  pages={8614--8618},
  year={2013},
  organization={IEEE}
}

@article {Ciresan2012,
author={Ciresan, D. and Giusti, Alessandro and Schmidhuber, J.},
title={Deep neural networks segment neuronal membranes in electron microscopy images}, 
journal={Advances in Neural Information Processing Systems}, 
year={2012}, 
pages={1--9}, 
}

@article{Kamnitsas2015,
  title={Multi-Scale {3D} Convolutional Neural Networks for Lesion Segmentation in Brain {MRI}},
  author={Kamnitsas, Konstantinos and Chen, Liang and Ledig, Christian and Rueckert, Daniel and Glocker, Ben},
  journal={Ischemic Stroke Lesion Segmentation},
  pages={13},
  year={2015}
}

@article{Hinton2002,
  title={Training products of experts by minimizing contrastive divergence},
  author={Hinton, Geoffrey E.},
  journal={Neural computation},
  volume={14},
  number={8},
  pages={1771--1800},
  year={2002},
  publisher={MIT Press}
}

@article{Hinton2010,
  title={A practical guide to training restricted Boltzmann machines},
  author={Hinton, Geoffrey E.},
  journal={Momentum},
  volume={9},
  number={1},
  pages={926},
  year={2010}
}


@article{Vincent2010,
  title={Stacked denoising autoencoders: Learning useful representations in a deep network with a local denoising criterion},
  author={Vincent, Pascal and Larochelle, Hugo and Lajoie, Isabelle and Bengio, Yoshua and Manzagol, Pierre-Antoine},
  journal={The Journal of Machine Learning Research},
  volume={11},
  pages={3371--3408},
  year={2010},
  publisher={JMLR}
}

@inproceedings{Freund1992,
  title={Unsupervised learning of distributions on binary vectors using two layer networks},
  author={Freund, Yoav and Haussler, David},
  booktitle={Advances in Neural Information Processing Systems},
  pages={912--919},
  year={1992}
}

@article{Werbos1974,
  title={Beyond regression: New tools for prediction and analysis in the behavioral sciences},
  author={Werbos, Paul},
  journal={PhD thesis, Harvard University},
  year={1974}
}

@article{Rumelhart1986,
  title={Learning representations by back-propagating errors},
  author={David E. Rumelhart and Geoffrey E. Hinton and Ronald J. Williams},
  journal={Nature},
  volume={323},
  pages={533--536},
  year={1986}
}

@article{Lecun1989,
  title={Backpropagation applied to handwritten zip code recognition},
  author={LeCun, Yann and Boser, Bernhard and Denker, John S. and Henderson, Donnie and Howard, Richard E. and Hubbard, Wayne and Jackel, Lawrence D.},
  journal={Neural computation},
  volume={1},
  number={4},
  pages={541--551},
  year={1989},
  publisher={MIT Press}
}

@article{Lecun1998,
  title={Gradient-based learning applied to document recognition},
  author={LeCun, Yann and Bottou, L{\'e}on and Bengio, Yoshua and Haffner, Patrick},
  journal={Proceedings of the {IEEE}},
  volume={86},
  number={11},
  pages={2278--2324},
  year={1998},
  publisher={IEEE}
}

@article{Farley1954,
  title={Simulation of self-organizing systems by digital computer},
  author={Farley, B. and Clark, W.},
  journal={Transactions of the IRE Professional Group on Information Theory},
  volume={4},
  number={4},
  pages={76--84},
  year={1954}
}

@inproceedings{Lee2009,
  title={Convolutional deep belief networks for scalable unsupervised learning of hierarchical representations},
  author={Lee, Honglak and Grosse, Roger and Ranganath, Rajesh and Ng, Andrew Y.},
  booktitle={Proceedings of the 26th Annual International Conference on Machine Learning},
  pages={609--616},
  year={2009},
  organization={ACM}
}

@article{Lee2011,
  title={Unsupervised learning of hierarchical representations with convolutional deep belief networks},
  author={Lee, Honglak and Grosse, Roger and Ranganath, Rajesh and Ng, Andrew Y.},
  journal={Communications of the ACM},
  volume={54},
  number={10},
  pages={95--103},
  year={2011},
  publisher={ACM}
}

@incollection{Scherer2010,
  title={Evaluation of pooling operations in convolutional architectures for object recognition},
  author={Scherer, Dominik and M{\"u}ller, Andreas and Behnke, Sven},
  booktitle={Artificial Neural Networks--ICANN 2010},
  pages={92--101},
  year={2010},
  publisher={Springer}
}

@incollection{Cho2011,
  title={Improved learning of Gaussian-Bernoulli restricted Boltzmann machines},
  author={Cho, KyungHyun and Ilin, Alexander and Raiko, Tapani},
  booktitle={Artificial Neural Networks and Machine Learning--ICANN 2011},
  pages={10--17},
  year={2011},
  publisher={Springer}
}

@inproceedings{Nair2010,
  title={Rectified linear units improve restricted boltzmann machines},
  author={Nair, Vinod and Hinton, Geoffrey E.},
  booktitle={Proceedings of the 27th International Conference on Machine Learning (ICML-10)},
  pages={807--814},
  year={2010}
}

@article{Polyak1992,
  title={Acceleration of stochastic approximation by averaging},
  author={Polyak, Boris T. and Juditsky, Anatoli B.},
  journal={SIAM Journal on Control and Optimization},
  volume={30},
  number={4},
  pages={838--855},
  year={1992},
  publisher={SIAM}
}

@article{Hubel1962,
  title={Receptive fields, binocular interaction and functional architecture in the cat's visual cortex},
  author={Hubel, David H. and Wiesel, Torsten N.},
  journal={The Journal of Physiology},
  volume={160},
  number={1},
  pages={106},
  year={1962},
  publisher={Blackwell Publishing}
}

@article{Hubel1968,
  title={Receptive fields and functional architecture of monkey striate cortex},
  author={Hubel, David H. and Wiesel, Torsten N.},
  journal={The Journal of Physiology},
  volume={195},
  number={1},
  pages={215--243},
  year={1968},
  publisher={Wiley Online Library}
}

@article{Cortes1995,
  title={Support-vector networks},
  author={Cortes, Corinna and Vapnik, Vladimir},
  journal={Machine learning},
  volume={20},
  number={3},
  pages={273--297},
  year={1995},
  publisher={Springer}
}

@article{Breiman2001,
  title={Random forests},
  author={Breiman, Leo},
  journal={Machine learning},
  volume={45},
  number={1},
  pages={5--32},
  year={2001},
  publisher={Springer}
}

@article{Duchi2011,
  title={Adaptive subgradient methods for online learning and stochastic optimization},
  author={Duchi, John and Hazan, Elad and Singer, Yoram},
  journal={The Journal of Machine Learning Research},
  volume={12},
  pages={2121--2159},
  year={2011},
  publisher={JMLR.org}
}

@article{Kingma2014,
  title={Adam: {A} method for stochastic optimization},
  author={Kingma, Diederik and Ba, Jimmy},
  journal={arXiv preprint arXiv:1412.6980},
  year={2014}
}

@article{Zeiler2012,
  title={{ADADELTA}: {An} adaptive learning rate method},
  author={Zeiler, Matthew D.},
  journal={arXiv preprint arXiv:1212.5701},
  year={2012}
}

@article{Dauphin2015,
  title={{RMSProp} and equilibrated adaptive learning rates for non-convex optimization},
  author={Dauphin, Yann N. and de Vries, Harm and Chung, Junyoung and Bengio, Yoshua},
  journal={arXiv preprint arXiv:1502.04390},
  year={2015}
}

@inproceedings{Deng2009,
  title={{ImageNet}: {A} large-scale hierarchical image database},
  author={Deng, Jia and Dong, Wei and Socher, Richard and Li, Li-Jia and Li, Kai and Fei-Fei, Li},
  booktitle={Proceedings of the IEEE Conference on Computer Vision and Pattern Recognition},
  pages={248--255},
  year={2009},
  organization={IEEE}
}


@inproceedings{Tieleman2008,
  title={Training restricted Boltzmann machines using approximations to the likelihood gradient},
  author={Tieleman, Tijmen},
  booktitle={Proceedings of the 25th International Conference on Machine learning},
  pages={1064--1071},
  year={2008},
  organization={ACM}
}
