
@Article{      aljabarrueckert2011,
  author    = {Aljabar, Paul and Wolz, Robin and Srinivasan, Latha and Counsell, Serena J and Rutherford, Mary A and Edwards, A David and Hajnal, Joseph V and Rueckert, Daniel},
  title     = {A combined manifold learning analysis of shape and appearance to characterize neonatal brain development.},
  volume    = {30},
  number    = {12},
  journal   = {IEEE Transactions on Medical Imaging},
  year      = {2011},
  pages     = {2072--2086}
}

@TechReport{   andersson2007,
  author    = {Andersson, Jesper L. R. and Jenkinson, Mark and Smith, Stephen},
  title     = {Non-linear registration, aka Spatial normalisation},
  number    = {TR07JA2},
  institution={FMRIB Centre, Oxford, United Kingdom},
  year      = {2007},
  pages     = {21}
}

@Article{      baker2004,
  author    = {Baker, S and Matthews, I and Schneider, J},
  title     = {Automatic construction of active appearance models as an image coding problem},
  volume    = {26},
  number    = {10},
  journal   = {IEEE Transactions on Pattern Analysis and Machine Intelligence},
  year      = {2004},
  month     = {Oct},
  pages     = {1380--1384}
}

@Article{      balasubramanian2002,
  title     = {The isomap algorithm and topological stability},
  author    = {Balasubramanian, Mukund and Schwartz, Eric L},
  journal   = {Science},
  volume    = {295},
  number    = {5552},
  pages     = {7--7},
  year      = {2002},
  publisher = {American Association for the Advancement of Science}
}

@Article{      beichel2005,
  author    = {Beichel, Reinhard and Bischof, Horst and Leberl, Franz and Sonka, Milan},
  title     = {Robust active appearance models and their application to medical image analysis},
  volume    = {24},
  number    = {9},
  journal   = {IEEE Transactions on Medical Imaging},
  year      = {2005},
  month     = {Sep},
  pages     = {1151--1169}
}

@Article{      belkin2002,
  title     = {Laplacian eigenmaps for dimensionality reduction and data representation},
  author    = {Belkin, Mikhail and Niyogi, Partha},
  journal   = {Neural Computation},
  volume    = {15},
  number    = {6},
  pages     = {1373--1396},
  year      = {2003},
  publisher = {MIT Press}
}

@Article{      breiman2001,
  title     = {Random forests},
  author    = {Breiman, Leo},
  journal   = {Machine learning},
  volume    = {45},
  number    = {1},
  pages     = {5--32},
  year      = {2001},
  publisher = {Springer}
}

@InProceedings{brosch2013,
  author    = {Brosch, Tom and Tam, Roger},
  title     = {Manifold Learning of Brain {MRIs} by Deep Learning},
  booktitle = {Medical Image Computing and Computer-Assisted Interventation},
  year      = {2013},
  pages     = {633--640}
}

@Article{      brosch2014,
  title     = {Efficient training of convolutional deep belief networks in the frequency domain for application to high-resolution 2d and 3d images},
  author    = {Brosch, Tom and Tam, Roger},
  journal   = {Neural computation},
  year      = {2014},
  publisher = {MIT Press}
}

@InProceedings{brosch2015,
  title     = {Deep convolutional encoder networks for multiple sclerosis lesion segmentation},
  author    = {Brosch, Tom and Yoo, Youngjin and Tang, Lisa Y.W. and Li, David K.B. and Traboulsee, Anthony and Tam, Roger},
  booktitle = {A. Frangi et al. (Eds.): MICCAI 2015, Part III, LNCS, vol. 9351},
  pages     = {3--11},
  year      = {2015},
  publisher = {Springer}
}

@Article{      carreira2005,
  author    = {Carreira-Perpin\'{a}n, MA and Zemel, RS},
  title     = {Proximity graphs for clustering and manifold learning},
  journal   = {Advances in neural information},
  year      = {2005}
}

@TechReport{   cayton2005,
  title     = {Algorithms for manifold learning},
  author    = {Cayton, Lawrence},
  number    = {CS2008-0923},
  institution={University of California, San Diego},
  pages     = {1--17},
  year      = {2005}
}

@Article{      ceccarelli2012,
  author    = {Ceccarelli, A. and Jackson, J.S. and Tauhid, S. and Arora, A. and Gorky, J. and Dell'Oglio, E. and Bakshi, A. and Chitnis, T. and Khoury, S.J. and Weiner, H.L. and et al.},
  title     = {The impact of lesion in-painting and registration methods on voxel-based morphometry in detecting regional cerebral gray matter atrophy in multiple sclerosis.},
  volume    = {33},
  number    = {8},
  journal   = {AJNR American Journal of Neuroradiology},
  year      = {2012},
  pages     = {1579--1585}
}

@Article{      chenglinmao1996,
  author    = {Cheng, Kuo-Sheng and Lin, Jzau-Sheng and Mao, Chi-Wu},
  title     = {The application of competitive Hopfield neural network to medical image segmentation},
  volume    = {15},
  number    = {4},
  journal   = {IEEE Transactions on Medical Imaging},
  year      = {1996},
  month     = {Jan},
  pages     = {560--567}
}

@InCollection{ cho2011,
  title     = {Improved learning of Gaussian-Bernoulli restricted Boltzmann machines},
  author    = {Cho, KyungHyun and Ilin, Alexander and Raiko, Tapani},
  booktitle = {Artificial Neural Networks and Machine Learning--ICANN 2011},
  pages     = {10--17},
  year      = {2011},
  publisher = {Springer}
}

@InProceedings{ciresan2011,
  author    = {Cire\c{s}an, Dan C. and Meier, Ueli and Masci, Jonathan and Gambardella, Luca M. and Schmidhuber, J\"urgen},
  title     = {Flexible, high performance convolutional neural networks for image classification},
  booktitle = {Proceedings of the 22nd International Joint Conference on Artificial Intelligence},
  year      = {2011},
  pages     = {1237--1242}
}

@InProceedings{ciresan2012,
  author    = {Cire\c{s}an, Dan C. and Giusti, Alessandro and Schmidhuber, J\"urgen},
  title     = {Deep neural networks segment neuronal membranes in electron microscopy images},
  booktitle = {Advances in Neural Information Processing Systems},
  year      = {2012},
  pages     = {1--9}
}

@Article{      cootes1995,
  author    = {Cootes, Timothy F. and Taylor, Christopher J. and Cooper, D.H. and Graham, J.},
  title     = {Active shape models---their training and application},
  volume    = {61},
  number    = {1},
  journal   = {Computer Vision and Image Understanding},
  year      = {1995},
  pages     = {38--59}
}

@Article{      cootes2001,
  author    = {Cootes, Timothy F. and Edwards, G.J. and Taylor, C.J.},
  title     = {Active appearance models},
  volume    = {23},
  number    = {6},
  journal   = {IEEE Transactions on Pattern Analysis and Machine Intelligence},
  year      = {2001},
  month     = {Jun},
  pages     = {681--685}
}

@InBook{       cootes2005,
  author    = {Cootes, T.F. and Twining, C.J. and Petrovic, V. and Schestowitz, R and Taylor, C.J.},
  title     = {Groupwise construction of appearance models using piece-wise affine deformations},
  volume    = {2},
  number    = {Mdl},
  booktitle = {16th British Machine Vision Conference},
  publisher = {Citeseer},
  year      = {2005},
  pages     = {879--888}
}

@Article{      cortes1995,
  title     = {Support-vector networks},
  author    = {Cortes, Corinna and Vapnik, Vladimir},
  journal   = {Machine learning},
  volume    = {20},
  number    = {3},
  pages     = {273--297},
  year      = {1995},
  publisher = {Springer}
}

@Article{      coupe2011,
  author    = {Coup\'{e}, Pierrick and Manj\'{o}n, Jos\'{e} V. and Fonov, Vladimir and Pruessner, Jens and Robles, Montserrat and Collins, D Louis},
  title     = {Patch-based segmentation using expert priors: application to hippocampus and ventricle segmentation.},
  volume    = {54},
  number    = {2},
  journal   = {NeuroImage},
  year      = {2011},
  month     = {Jan},
  pages     = {940--954}
}

@Article{      cruz2013,
  author    = {Cruz-roa, Angel Alfonso and Edison, John and Ovalle, Arevalo and Madabhushi, Anant and Gonz, Fabio Augusto},
  title     = {A Deep Learning Architecture for Image Representation, Visual Interpretability and Automated Basal-Cell Carcinoma Cancer Detection},
  journal   = {Medical Image Computing and Computer-Assisted Intervention--MICCAI 2013},
  year      = {2013},
  pages     = {403--410}
}

@Article{      cuingnet2011,
  author    = {Cuingnet, R\'{e}mi and Gerardin, Emilie and Tessieras, J\'{e}r\^{o}me and Auzias, Guillaume and Leh\'{e}ricy, St\'{e}phane and Habert, Marie-Odile and Chupin, Marie and Benali, Habib
              and Colliot, Olivier},
  title     = {Automatic classification of patients with Alzheimer's disease from structural MRI: a comparison of ten methods using the ADNI database.},
  volume    = {56},
  number    = {2},
  journal   = {NeuroImage},
  publisher = {Elsevier Inc.},
  year      = {2011},
  month     = {May},
  pages     = {766--781}
}

@Article{      dauphin2015,
  title     = {{RMSProp} and equilibrated adaptive learning rates for non-convex optimization},
  author    = {Dauphin, Yann N. and de Vries, Harm and Chung, Junyoung and Bengio, Yoshua},
  journal   = {arXiv preprint arXiv:1502.04390},
  year      = {2015}
}

@Article{      davis2010,
  author    = {Davis, Brad C. and Fletcher, P. Thomas and Bullitt, Elizabeth and Joshi, Sarang},
  title     = {Population Shape Regression from Random Design Data},
  volume    = {90},
  number    = {2},
  journal   = {International Journal of Computer Vision},
  year      = {2010},
  month     = {Jul},
  pages     = {255--266}
}

@Article{      decoste2001,
  author    = {DeCoste, D},
  title     = {Visualizing Mercer kernel feature spaces via kernelized locally-linear embeddings},
  journal   = {8th International Conference on Neural Networks},
  year      = {2001}
}

@InProceedings{deng2009,
  title     = {{ImageNet}: A large-scale hierarchical image database},
  author    = {Deng, Jia and Dong, Wei and Socher, Richard and Li, Li-Jia and Li, Kai and Fei-Fei, Li},
  booktitle = {IEEE Conference on Computer Vision and Pattern Recognition},
  pages     = {248--255},
  year      = {2009}
}

@Article{      dice1945measures,
  title     = {Measures of the amount of ecologic association between species},
  author    = {Dice, Lee R},
  journal   = {Ecology},
  volume    = {26},
  number    = {3},
  pages     = {297--302},
  year      = {1945},
  publisher = {JSTOR}
}

@Article{      duchateau2011,
  author    = {Duchateau, Nicolas and De Craene, Mathieu and Piella, Gemma and Frangi, Alejandro F},
  title     = {Characterizing pathological deviations from normality using constrained manifold-learning},
  volume    = {14},
  number    = {Pt 3},
  journal   = {International Conference on Medical Image Computing and Computer-Assisted Intervention},
  year      = {2011},
  month     = {Jan},
  pages     = {256--63}
}

@Article{      duchi2011,
  title     = {Adaptive subgradient methods for online learning and stochastic optimization},
  author    = {Duchi, John and Hazan, Elad and Singer, Yoram},
  journal   = {The Journal of Machine Learning Research},
  volume    = {12},
  pages     = {2121--2159},
  year      = {2011},
  publisher = {JMLR.org}
}

@InProceedings{etyngier2007,
  title     = {Shape priors using manifold learning techniques},
  author    = {Etyngier, Patrick and S{\'e}gonne, Florent and Keriven, Renaud},
  booktitle = {11th International Conference on Computer Vision},
  pages     = {1--8},
  year      = {2007},
  organization={IEEE}
}

@Article{      farley1954,
  title     = {Simulation of self-organizing systems by digital computer},
  author    = {Farley, B. and Clark, W.},
  journal   = {Transactions of the IRE Professional Group on Information Theory},
  volume    = {4},
  number    = {4},
  pages     = {76--84},
  year      = {1954}
}

@Article{      fergus2007,
  author    = {Fergus, R. and Perona, P.},
  title     = {Learning generative visual models from few training examples: an incremental Bayesian approach tested on 101 object categories},
  journal   = {2004 Conference on Computer Vision and Pattern Recognition Workshop},
  publisher = {IEEE},
  year      = {2007},
  pages     = {178--178}
}

@Article{      fischer1999,
  author    = {Fischer, J S and Rudick, R A and Cutter, G R and Reingold, S C},
  title     = {The Multiple Sclerosis Functional Composite measure ({MSFC}): an integrated approach to {MS} clinical outcome assessment},
  volume    = {5},
  number    = {4},
  journal   = {Multiple Sclerosis},
  year      = {1999},
  pages     = {244--250}
}

@Article{      fonov2011,
  author    = {Fonov, Vladimir and Evans, Alan C and Botteron, Kelly and Almli, C Robert and McKinstry, Robert C and Collins, D Louis},
  title     = {Unbiased average age-appropriate atlases for pediatric studies.},
  volume    = {54},
  number    = {1},
  journal   = {NeuroImage},
  publisher = {Elsevier Inc.},
  year      = {2011},
  pages     = {313--327}
}

@InProceedings{freund1992,
  title     = {Unsupervised learning of distributions on binary vectors using two layer networks},
  author    = {Freund, Yoav and Haussler, David},
  booktitle = {Advances in Neural Information Processing Systems},
  pages     = {912--919},
  year      = {1992}
}

@Article{      fukushima1980,
  title     = {Neocognitron: A self-organizing neural network model for a mechanism of pattern recognition unaffected by shift in position},
  author    = {Fukushima, Kunihiko},
  journal   = {Biological cybernetics},
  volume    = {36},
  number    = {4},
  pages     = {193--202},
  year      = {1980},
  publisher = {Springer}
}

@Article{      garcia2013,
  title     = {Review of automatic segmentation methods of multiple sclerosis white matter lesions on conventional magnetic resonance imaging},
  author    = {Garc{\'\i}a-Lorenzo, Daniel and Francis, Simon and Narayanan, Sridar and Arnold, Douglas L and Collins, D Louis},
  journal   = {Medical image analysis},
  volume    = {17},
  number    = {1},
  pages     = {1--18},
  year      = {2013},
  publisher = {Elsevier}
}

@Article{      gerber2010,
  author    = {Gerber, Samuel and Tasdizen, Tolga and Fletcher, P. Thomas and Sarang Joshi and Ross Whitaker},
  title     = {Manifold modeling for brain population analysis},
  volume    = {14},
  number    = {5},
  journal   = {Medical Image Analysis},
  year      = {2010},
  pages     = {643--653}
}

@InProceedings{geremia2010,
  title     = {Spatial decision forests for {MS} lesion segmentation in multi-channel {MR} images},
  author    = {Geremia, Ezequiel and Menze, Bjoern H and Clatz, Olivier and Konukoglu, Ender and Criminisi, Antonio and Ayache, Nicholas},
  booktitle = {Jian, T., Navab, N., Pluim, J., Viergever, M. (eds.) MICCAI 2010, Part I. LNCS, vol. 6362},
  pages     = {111--118},
  year      = {2010},
  publisher = {Springer, Heidelberg}
}

@Article{      geremia2011,
  author    = {Geremia, Ezequiel and Clatz, Olivier and Menze, Bjoern H. and Konukoglu, Ender and Criminisi, Antonio and Ayache, Nicholas},
  title     = {Spatial decision forests for {MS} lesion segmentation in multi-channel magnetic resonance images},
  volume    = {57},
  number    = {2},
  journal   = {NeuroImage},
  year      = {2011},
  month     = {Jul},
  pages     = {378--390}
}

@Article{      ginneken2002,
  author    = {Ginneken, Bram Van and Frangi, A.F. and Staal, J.J.},
  title     = {Active shape model segmentation with optimal features},
  volume    = {21},
  number    = {8},
  journal   = {IEEE Transactions on Medical Imaging},
  year      = {2002},
  pages     = {924--933}
}

@Article{      grigorescu2002,
  author    = {Grigorescu, Simona E and Petkov, Nicolai and Kruizinga, Peter},
  title     = {Comparison of texture features based on gabor filters},
  journal   = {IEEE Transactions on Image Processing},
  volume    = {11},
  number    = {10},
  year      = {2002},
  pages     = {1160--1167}
}

@Article{      hamm2010,
  author    = {Hamm, J. and Ye, D.H. and Verma, R.},
  title     = {GRAM: A framework for geodesic registration on anatomical manifolds},
  volume    = {14},
  number    = {5},
  journal   = {Medical Image Analysis},
  year      = {2010},
  pages     = {633--642}
}

@Article{      heess2011,
  title     = {Weakly supervised learning of foreground-background segmentation using masked RBMs},
  author    = {Heess, N. and Le Roux, N. and Winn, J.},
  journal   = {Artificial Neural Networks and Machine Learning--ICANN 2011},
  pages     = {9--16},
  year      = {2011},
  publisher = {Springer}
}

@Article{      hinton2002,
  author    = {Hinton, Geoffrey E.},
  title     = {Training products of experts by minimizing contrastive divergence.},
  volume    = {14},
  number    = {8},
  journal   = {Neural Computation},
  year      = {2002},
  month     = {Aug},
  pages     = {1771--800}
}

@Article{      hinton2006c,
  author    = {Hinton, Geoffrey E. and Salakhutdinov, Ruslan},
  title     = {Reducing the dimensionality of data with neural networks},
  volume    = {313},
  number    = {5786},
  journal   = {Science},
  year      = {2006},
  month     = {Jul},
  pages     = {504--507}
}

@TechReport{   hinton2006a,
  author    = {Hinton, Geoffrey},
  title     = {To recognize shapes, first learn to generate images},
  number    = {UTML TR 2006-004},
  institution={Department of Computer Science, University of Toronto},
  year      = {2006},
  month     = {oct}
}

@Article{      hinton2006b,
  author    = {Hinton, Geoffrey E. and Osindero, Simon and Teh, Yee-Whye},
  title     = {A fast learning algorithm for deep belief nets},
  volume    = {18},
  number    = {7},
  journal   = {Neural Computation},
  publisher = {MIT Press},
  year      = {2006},
  pages     = {1527--1554}
}

@TechReport{   hinton2010a,
  author    = {Hinton, Geoffrey E.},
  title     = {A practical guide to training restricted Boltzmann machines},
  number    = {UTML TR 2010-003},
  institution={Department of Computer Science, University of Toronto},
  year      = {2010},
  pages     = {21}
}

@Article{      hinton2010b,
  author    = {Hinton, Geoffrey},
  title     = {Learning to represent visual input},
  volume    = {365},
  number    = {1537},
  journal   = {Philosophical Transactions of the Royal Society of London. Series B, Biological Sciences},
  year      = {2010},
  month     = {Jan},
  pages     = {177--184}
}

@Article{      hinton2012,
  author    = {Hinton, Geoffrey E. and Srivastava, N.},
  title     = {Improving neural networks by preventing co-adaptation of feature detectors},
  journal   = {arXiv preprint arXiv:1207.0580},
  year      = {2012},
  pages     = {1--18}
}

@Misc{         hoberock2009,
  title     = {Thrust: C++ template library for CUDA},
  author    = {Hoberock, J. and Bell, N.},
  year      = {2009}
}

@Article{      hochreiter1991,
  title     = {Untersuchungen zu dynamischen neuronalen Netzen},
  author    = {Hochreiter, Sepp},
  journal   = {Diploma, Technische Universit{\"a}t M{\"u}nchen},
  year      = {1991}
}

@Article{      hubel1962,
  title     = {Receptive fields, binocular interaction and functional architecture in the cat's visual cortex},
  author    = {Hubel, David H. and Wiesel, Torsten N.},
  journal   = {The Journal of Physiology},
  volume    = {160},
  number    = {1},
  pages     = {106},
  year      = {1962},
  publisher = {Blackwell Publishing}
}

@Article{      hubel1968,
  title     = {Receptive fields and functional architecture of monkey striate cortex},
  author    = {Hubel, David H. and Wiesel, Torsten N.},
  journal   = {The Journal of Physiology},
  volume    = {195},
  number    = {1},
  pages     = {215--243},
  year      = {1968},
  publisher = {Wiley Online Library}
}

@Article{      iscan2009,
  author    = {Iscan, Zafer and Y\"uksel, Ayhan and Dokur, Z\"umray and Kor\"urek, Mehmet and \"Olmez, Tamer},
  title     = {Medical image segmentation with transform and moment-based features and incremental supervised neural network},
  volume    = {19},
  number    = {5},
  journal   = {Digital Signal Processing},
  publisher = {Elsevier Inc.},
  year      = {2009},
  month     = {Sep},
  pages     = {890--901}
}

@Article{      jain2007,
  author    = {Jain, Viren and Murray, Joseph F. and Roth, Fabian and Turaga, Srinivas and Zhigulin, Valentin and Briggman, Kevin L. and Helmstaedter, Moritz N. and Denk, Winfried and Seung, H.
              Sebastian},
  title     = {Supervised learning of image restoration with convolutional networks},
  journal   = {2007 IEEE 11th International Conference on Computer Vision},
  publisher = {Ieee},
  year      = {2007},
  pages     = {1--8}
}

@Article{      jainseungturaga2010,
  author    = {Jain, Viren and Seung, H Sebastian and Turaga, Srinivas C},
  title     = {Machines that learn to segment images: a crucial technology for connectomics},
  volume    = {20},
  number    = {5},
  journal   = {Current Opinion in Neurobiology},
  year      = {2010},
  month     = {Oct},
  pages     = {653--66}
}

@Article{      jarrett2009,
  author    = {Jarrett, Kevin and Kavukcuoglu, Koray and Ranzato, Marc'Aurelio and LeCun, Yann},
  title     = {What is the best multi-stage architecture for object recognition?},
  isbn      = {978-1-4244-4420-5},
  url       = {\url{http://ieeexplore.ieee.org/lpdocs/epic03/wrapper.htm?arnumber=5459469}},
  doi       = {10.1109/ICCV.2009.5459469},
  journal   = {International Conference on Computer Vision},
  publisher = {Ieee},
  year      = {2009},
  pages     = {2146--2153}
}

@Article{      jenkinson2002,
  author    = {Jenkinson, Mark and Bannister, Peter and Brady, Michael and Smith, Stephen},
  title     = {Improved Optimization for the Robust and Accurate Linear Registration and Motion Correction of Brain Images},
  volume    = {17},
  number    = {2},
  journal   = {{NeuroImage}},
  year      = {2002},
  pages     = {825--841}
}

@InProceedings{jenkinson2005,
  title     = {{BET2}: {MR}-based estimation of brain, skull and scalp surfaces},
  author    = {Jenkinson, Mark and Pechaud, Mickael and Smith, Stephen},
  booktitle = {Eleventh annual meeting of the organization for human brain mapping},
  volume    = {17},
  year      = {2005},
  organization={Toronto, ON}
}

@Article{      kamnitsas2015,
  title     = {Multi-Scale {3D} Convolutional Neural Networks for Lesion Segmentation in Brain {MRI}},
  author    = {Kamnitsas, Konstantinos and Chen, Liang and Ledig, Christian and Rueckert, Daniel and Glocker, Ben},
  journal   = {Ischemic Stroke Lesion Segmentation},
  pages     = {13},
  year      = {2015}
}

@Article{      kang2014,
  title     = {Fully Convolutional Neural Networks for Crowd Segmentation},
  author    = {Kang, Kai and Wang, Xiaogang},
  journal   = {arXiv preprint arXiv:1411.4464},
  year      = {2014}
}

@Article{      kappos2006,
  title     = {Long-term subcutaneous interferon beta-1a therapy in patients with relapsing-remitting MS},
  author    = {Kappos, L and Traboulsee, A and Constantinescu, C and Er{\"a}linna, J-P and Forrestal, F and Jongen, P and Pollard, J and Sandberg-Wollheim, Magnhild and Sindic, C and Stubinski, B and
              others},
  journal   = {Neurology},
  volume    = {67},
  number    = {6},
  pages     = {944--953},
  year      = {2006},
  publisher = {AAN Enterprises}
}

@Article{      karni1991,
  author    = {Karni, A. and Sagi, D.},
  title     = {Where practice makes perfect in texture discrimination: evidence for primary visual cortex plasticity},
  volume    = {88},
  number    = {11},
  journal   = {Proceedings of the National Academy of Sciences of the United States of America},
  year      = {1991},
  month     = {Jun},
  pages     = {4966--4970}
}

@Article{      katsavos2013,
  author    = {Katsavos, Serafeim and Anagnostouli, Maria},
  title     = {Biomarkers in Multiple Sclerosis: An Up-to-Date Overview},
  volume    = {2013},
  number    = {ii},
  journal   = {Multiple sclerosis international},
  year      = {2013},
  pages     = {20}
}

@Article{      king2009,
  author    = {King, Davis E.},
  title     = {Dlib-ml: a machine learning toolkit},
  volume    = {10},
  journal   = {The Journal of Machine Learning Research},
  year      = {2009},
  pages     = {1755--1758}
}

@Article{      kingma2014,
  title     = {Adam: {A} method for stochastic optimization},
  author    = {Kingma, Diederik and Ba, Jimmy},
  journal   = {arXiv preprint arXiv:1412.6980},
  year      = {2014}
}

@MastersThesis{krizhevsky2009,
  author    = {Krizhevsky, Alex},
  title     = {Learning multiple layers of features from tiny images},
  school    = {University of Toronto},
  year      = {2009}
}

@Article{      krizhevsky2010,
  author    = {Krizhevsky, Alex},
  title     = {Convolutional deep belief networks on CIFAR-10},
  journal   = {Unpublished manuscript},
  year      = {2010},
  pages     = {1--9}
}

@InProceedings{krizhevsky2012,
  author    = {Krizhevsky, Alex and Sutskever, I and Hinton, G},
  title     = {{ImageNet} classification with deep convolutional neural networks},
  booktitle = {Advances in Neural Information Processing Systems},
  year      = {2012},
  pages     = {1--9}
}

@Misc{         krizhevsky2012b,
  author    = {Krizhevsky, Alex},
  title     = {High-performance {C++/CUDA} implementation of convolutional neural networks},
  year      = {2012},
  howpublished={\url{http://code.google.com/p/cuda-convnet/}}
}

@Article{      ladicky2009,
  author    = {Ladicky, Lubor and Russell, Chris and Kohli, Pushmeet and Torr, Philip H. S.},
  title     = {Associative hierarchical CRFs for object class image segmentation},
  number    = {Iccv},
  journal   = {Computer Vision, 2009},
  year      = {2009}
}

@InProceedings{larochelle2010,
  author    = {Larochelle, Hugo and Hinton, Geoffrey},
  title     = {Learning to combine foveal glimpses with a third-order Boltzmann machine},
  volume    = {1},
  booktitle = {Advances in Neural Information Processing Systems},
  year      = {2010},
  pages     = {1243--1251}
}

@Article{      lecun1989,
  title     = {Backpropagation applied to handwritten zip code recognition},
  author    = {LeCun, Yann and Boser, Bernhard and Denker, John S. and Henderson, Donnie and Howard, Richard E. and Hubbard, Wayne and Jackel, Lawrence D.},
  journal   = {Neural computation},
  volume    = {1},
  number    = {4},
  pages     = {541--551},
  year      = {1989},
  publisher = {MIT Press}
}

@Article{      lecun1998,
  title     = {Gradient-based learning applied to document recognition},
  author    = {LeCun, Yann and Bottou, L{\'e}on and Bengio, Yoshua and Haffner, Patrick},
  journal   = {Proceedings of the {IEEE}},
  volume    = {86},
  number    = {11},
  pages     = {2278--2324},
  year      = {1998},
  publisher = {IEEE}
}

@Article{      lee2007,
  author    = {Lee, Honglak and Ekanadham, Chaitanya and Ng, Andrew Y.},
  title     = {Sparse deep belief net model for visual area V2},
  volume    = {19},
  journal   = {Advances in Neural Information Processing Systems},
  publisher = {Citeseer},
  year      = {2007},
  pages     = {1--8}
}

@InProceedings{lee2009,
  author    = {Lee, Honglak and Grosse, Roger and Ranganath, Rajesh and Ng, Andrew Y.},
  title     = {Convolutional deep belief networks for scalable unsupervised learning of hierarchical representations},
  booktitle = {Proceedings of the 26th Annual International Conference on Machine Learning},
  pages     = {609--616},
  year      = {2009},
  organization={ACM}
}

@Article{      lee2011,
  author    = {Lee, Honglak and Grosse, Roger and Ranganath, Rajesh and Ng, Andrew Y.},
  title     = {Unsupervised learning of hierarchical representations with convolutional deep belief networks},
  volume    = {54},
  number    = {10},
  journal   = {Communications of the ACM},
  year      = {2011},
  pages     = {95--103}
}

@InProceedings{lee2011b,
  author    = {Lee, Noah and Laine, Andrew and Klein, Arno},
  title     = {Towards a deep learning approach to brain parcellation},
  booktitle = {IEEE International Symposium on Biomedical Imaging},
  year      = {2011},
  pages     = {321--324}
}

@InProceedings{leena2011,
  title     = {Convolutional neural network based segmentation},
  author    = {Leena Silvoster, M. and Govindan, VK},
  booktitle = {Computer Networks and Intelligent Computing: 5th International Conference on Information Processing, ICIP 2011},
  volume    = {157},
  pages     = {190},
  year      = {2011},
  organization={Springer}
}

@InProceedings{liao2013,
  author    = {Liao, Shu and Gao, Yaozong and Oto, Aytekin and Shen, Dinggang},
  title     = {Representation Learning: A Unified Deep Learning Framework for Automatic Prostate {MR} Segmentation},
  booktitle = {Medical Image Computing and Computer-Assisted Intervention},
  year      = {2013},
  pages     = {254--261}
}

@Article{      lowe1999,
  author    = {Lowe, D.G.},
  title     = {Object recognition from local scale-invariant features},
  journal   = {Proceedings of the Seventh IEEE International Conference on Computer Vision},
  publisher = {IEEE},
  year      = {1999},
  volume    = {2},
  pages     = {1150--1157}
}

@Article{      marcus2007,
  author    = {Marcus, Daniel S and Wang, Tracy H and Parker, Jamie and Csernansky, John G and Morris, John C and Buckner, Randy L},
  title     = {Open Access Series of Imaging Studies ({OASIS}): cross-sectional {MRI} data in young, middle aged, nondemented, and demented older adults.},
  volume    = {19},
  number    = {9},
  journal   = {Journal of Cognitive Neuroscience},
  year      = {2007},
  pages     = {1498--507}
}

@Article{      marsland2008,
  author    = {Marsland, Stephen and Twining, Carole J.},
  title     = {Constructing an atlas for the diffeomorphism group of a compact manifold with boundary, with application to the analysis of image registrations},
  volume    = {222},
  number    = {2},
  journal   = {Journal of Computational and Applied Mathematics},
  year      = {2008},
  pages     = {411--428}
}

@InProceedings{martens2010,
  title     = {Deep learning via Hessian-free optimization},
  author    = {Martens, James},
  booktitle = {Proceedings of the 27th International Conference on Machine Learning (ICML-10)},
  pages     = {735--742},
  year      = {2010}
}

@InProceedings{masci2011,
  title     = {Stacked convolutional auto-encoders for hierarchical feature extraction},
  author    = {Masci, Jonathan and Meier, Ueli and Cire{\c{s}}an, Dan and Schmidhuber, J{\"u}rgen},
  booktitle = {Artificial Neural Networks and Machine Learning--ICANN 2011},
  pages     = {52--59},
  year      = {2011},
  publisher = {Springer}
}

@InProceedings{mathieu2013,
  title     = {Fast Training of Convolutional Networks through {FFTs}},
  author    = {Mathieu, Michael and Henaff, Mikael and LeCun, Yann},
  booktitle = {2nd International Conference on Learning Representations},
  year      = {2014},
  pages     = {1--9}
}

@InBook{       memisevic2007,
  author    = {Memisevic, Roland and Hinton, Geoffrey},
  title     = {Unsupervised learning of image transformations},
  booktitle = {2007 IEEE Conference on Computer Vision and Pattern Recognition},
  publisher = {IEEE},
  year      = {2007},
  pages     = {1--8}
}

@Article{      memisevic2010,
  author    = {Memisevic, Roland and Hinton, Geoffrey},
  title     = {Learning to represent spatial transformations with factored higher-order Boltzmann machines},
  volume    = {22},
  number    = {6},
  journal   = {Neural Computation},
  year      = {2010},
  month     = {Jun},
  pages     = {1473--1492}
}

@Article{      mortazavi2012,
  author    = {Mortazavi, Daryoush and Kouzani, Abbas Z and Soltanian-Zadeh, Hamid},
  title     = {Segmentation of multiple sclerosis lesions in {MR} images: {A} review},
  volume    = {54},
  number    = {4},
  journal   = {Neuroradiology},
  year      = {2012},
  month     = {Apr},
  pages     = {299--320}
}

@Article{      nair2009,
  author    = {Nair, Vinod},
  title     = {{3D} object recognition with deep belief nets},
  volume    = {22},
  journal   = {Advances in Neural Information Processing Systems},
  year      = {2009},
  pages     = {1339--1347}
}

@InProceedings{nair2010,
  author    = {Nair, Vinod and Hinton, Geoffrey E.},
  title     = {Rectified linear units improve restricted {Boltzmann} machines},
  booktitle = {Proceedings of the 27th Annual International Conference on Machine Learning},
  year      = {2010},
  pages     = {807--814}
}

@InProceedings{ngiam2011,
  author    = {Ngiam, Jiquan and Khosla, Aditya and Kim, Mingyu and Nam, Juhan and Lee, Honglak and Ng, Andrew Y.},
  title     = {Multimodal deep learning},
  booktitle = {28th International Conference on Machine Learning},
  year      = {2011},
  pages     = {689--696}
}

@Article{      nowozin2010,
  author    = {Nowozin, Sebastian and Gehler, Peter V. and Lampert, Christoph H.},
  title     = {On parameter learning in CRF-based approaches to object class image segmentation},
  journal   = {European Conference on Computer Vision},
  year      = {2010},
  pages     = {98--111}
}

@Misc{         nvidia2011,
  title     = {NVIDIA CUDA programming guide},
  author    = {Nvidia, C.},
  year      = {2011}
}

@Article{      osindero2008,
  author    = {Osindero, Simon and Hinton, Geoffrey},
  title     = {Modeling image patches with a directed hierarchy of markov random fields},
  volume    = {20},
  journal   = {Advances in Neural Information Processing Systems},
  publisher = {Citeseer},
  year      = {2008},
  pages     = {1121--1128}
}

@Article{      ozkandawant1993,
  author    = {Ozkan, Mehmed and Dawant, Benoit M.},
  title     = {Neural-network-based segmentation of multi-modal medical images: a comparative and prospective study},
  volume    = {12},
  number    = {3},
  journal   = {IEEE Transactions on Medical Imaging},
  year      = {1993},
  pages     = {534--544}
}

@Article{      pan2010,
  author    = {Pan, Sinno Jialin and Yang, Qiang},
  title     = {A survey on transfer learning},
  volume    = {22},
  number    = {10},
  journal   = {IEEE Transactions on Knowledge and Data Engineering},
  year      = {2010},
  month     = {Oct},
  pages     = {1345--1359}
}

@Article{      petersen2010,
  title     = {Alzheimer's disease neuroimaging initiative ({ADNI})},
  author    = {Petersen, R.C. and Aisen, P.S. and Beckett, L.A. and Donohue, M.C. and Gamst, A.C. and others},
  journal   = {Neurology},
  volume    = {74},
  number    = {3},
  pages     = {201--209},
  year      = {2010},
  publisher = {AAN Enterprises}
}

@Article{      petersen2002,
  author    = {Egmont-Petersen, M. and de Ridder, D. and Handels, H.},
  title     = {Image processing with neural networks---{A} review},
  volume    = {35},
  journal   = {Pattern Recognition},
  year      = {2002},
  pages     = {2279--2301}
}

@Article{      polyak1992,
  title     = {Acceleration of stochastic approximation by averaging},
  author    = {Polyak, Boris T. and Juditsky, Anatoli B.},
  journal   = {SIAM Journal on Control and Optimization},
  volume    = {30},
  number    = {4},
  pages     = {838--855},
  year      = {1992},
  publisher = {SIAM}
}

@InProceedings{raina2007,
  author    = {Raina, Rajat and Battle, Alexis and Lee, Honglak and Packer, Benjamin and Ng, Andrew Y.},
  title     = {Self-taught learning: transfer learning from unlabeled data},
  booktitle = {Proceedings of the 24th International Conference on Machine Learning},
  year      = {2007},
  pages     = {759--766}
}

@InProceedings{raina2009,
  title     = {Large-scale deep unsupervised learning using graphics processors},
  author    = {Raina, Rajat and Madhavan, Anand and Ng, Andrew Y.},
  booktitle = {Proceedings of the 26th annual international conference on machine learning},
  pages     = {873--880},
  year      = {2009},
  organization={ACM}
}

@InProceedings{ronneberger2015,
  author    = {Ronneberger, Olaf and Fischer, Philipp and Brox, Thomas},
  title     = {U-Net: {C}onvolutional Networks for Biomedical Image Segmentation},
  booktitle = {Proceedings of the 18th International Conferene on Medical Image Computing and Computer Assisted Interventions (MICCAI 2015)},
  pages     = {8},
  year      = {2015}
}

@Article{      rumelhart1986,
  title     = {Learning representations by back-propagating errors},
  author    = {David E. Rumelhart and Geoffrey E. Hinton and Ronald J. Williams},
  journal   = {Nature},
  volume    = {323},
  pages     = {533--536},
  year      = {1986}
}

@Article{      sabuncu2010,
  author    = {Sabuncu, Mert R. and Yeo, B. T. Thomas and Van Leemput, Koen and Fischl, Bruce and Golland, Polina},
  title     = {A generative model for image segmentation based on label fusion},
  volume    = {29},
  number    = {10},
  journal   = {IEEE Transactions on Medical Imaging},
  year      = {2010},
  month     = {Oct},
  pages     = {1714--1729}
}

@InProceedings{sainath2013,
  title     = {Deep convolutional neural networks for {LVCSR}},
  author    = {Sainath, Tara N. and Mohamed, Abdel-rahman and Kingsbury, Brian and Ramabhadran, Bhuvana},
  booktitle = {2013 IEEE International Conference on Acoustics, Speech and Signal Processing (ICASSP)},
  pages     = {8614--8618},
  year      = {2013},
  organization={IEEE}
}

@Article{      saul2003,
  author    = {Saul, LK and Roweis, ST},
  title     = {Think globally, fit locally: unsupervised learning of low dimensional manifolds},
  volume    = {4},
  journal   = {The Journal of Machine Learning Research},
  year      = {2003},
  pages     = {119--155}
}

@InProceedings{scherer2010,
  author    = {Scherer, Dominik and M\"uller, Andreas and Behnke, Sven},
  title     = {Evaluation of pooling operations in convolutional architectures for object recognition},
  booktitle = {International Conference on Artificial Neural Networks},
  year      = {2010},
  pages     = {92--101},
  publisher = {Springer}
}

@Article{      schmidt2012,
  title     = {An automated tool for detection of {FLAIR}-hyperintense white-matter lesions in multiple sclerosis},
  author    = {Schmidt, Paul and Gaser, Christian and Arsic, Milan and Buck, Dorothea and F{\"o}rschler, Annette and Berthele, Achim and Hoshi, Muna and Ilg, R{\"u}diger and Schmid, Volker J and
              Zimmer, Claus and others},
  journal   = {NeuroImage},
  volume    = {59},
  number    = {4},
  pages     = {3774--3783},
  year      = {2012},
  publisher = {Elsevier}
}

@Article{      sheikhzadeh2012,
  author    = {Sheikhzadeh, Fahime and Tam, Roger and Hamarneh, Ghassan},
  title     = {Spatial dispersion of lesions as a surrogate biomarker for disability in multiple sclerosis},
  isbn      = {978-1-4673-0354-5},
  journal   = {2012 IEEE Workshop on Mathematical Methods in Biomedical Image Analysis},
  publisher = {Ieee},
  year      = {2012},
  month     = {Jan},
  pages     = {273--278}
}

@Article{      shiee2010,
  title     = {A topology-preserving approach to the segmentation of brain images with multiple sclerosis lesions},
  author    = {Shiee, Navid and Bazin, Pierre-Louis and Ozturk, Arzu and Reich, Daniel S and Calabresi, Peter A and Pham, Dzung L},
  journal   = {NeuroImage},
  volume    = {49},
  number    = {2},
  pages     = {1524--1535},
  year      = {2010},
  publisher = {Elsevier}
}

@InProceedings{simard2003,
  author    = {Simard, P.Y. and Steinkraus, D. and Platt, J.C.},
  title     = {Best practices for convolutional neural networks applied to visual document analysis},
  volume    = {1},
  booktitle = {Seventh International Conference on Document Analysis and Recognition, 2003. Proceedings.},
  publisher = {IEEE Comput. Soc},
  year      = {2003},
  pages     = {958--963}
}

@Article{      smith2002,
  author    = {Smith, Stephen M. and Zhang, Yongyue and Jenkinson, Mark and Chen, Jacqueline and Matthews, P.M. and Federico, Antonio and De Stefano, Nicola},
  title     = {Accurate, Robust, and Automated Longitudinal and Cross-Sectional Brain Change Analysis},
  volume    = {17},
  number    = {1},
  journal   = {NeuroImage},
  year      = {2002},
  pages     = {479--489}
}

@InProceedings{souplet2008,
  title     = {An automatic segmentation of {T2-FLAIR} multiple sclerosis lesions},
  author    = {Souplet, Jean-Christophe and Lebrun, Christine and Ayache, Nicholas and Malandain, Gr{\'e}goire},
  booktitle = {MIDAS Journal - MICCAI 2008 Workshop},
  year      = {2008}
}

@Article{      stegmann2003,
  author    = {Stegmann, M.B.},
  title     = {Automated analysis of corpora callosa},
  journal   = {Mathematical Modelling},
  publisher = {Citeseer},
  year      = {2003}
}

@Article{      stegmann2004,
  author    = {Stegmann, Mikkel B. and Davies, Rhodri H. and Ryberg, Charlotte},
  title     = {Corpus callosum analysis using {MDL}-based sequential models of shape and appearance},
  journal   = {Proceedings of SPIE},
  publisher = {Spie},
  year      = {2004},
  pages     = {612--619}
}

@Article{      styner20083d,
  title     = {{3D} segmentation in the clinic: {A} grand challenge {II}: {MS} lesion segmentation},
  author    = {Styner, Martin and Lee, Joohwi and Chin, Brian and Chin, M and Commowick, Olivier and Tran, H and Markovic-Plese, S and Jewells, V and Warfield, S},
  journal   = {MIDAS Journal - MICCAI 2008 Workshop},
  pages     = {1--6},
  year      = {2008},
  publisher = {Citeseer}
}

@InProceedings{suk2013,
  author    = {Suk, Heung-il and Shen, Dinggang},
  title     = {Deep Learning-Based Feature Representation for {AD}/{MCI} Classification},
  booktitle = {Medical Image Computing and Computer-Assisted Intervention},
  year      = {2013},
  pages     = {583--590}
}

@InProceedings{sutskever2013,
  title     = {On the importance of initialization and momentum in deep learning},
  author    = {Sutskever, Ilya and Martens, James and Dahl, George and Hinton, Geoffrey},
  booktitle = {Proceedings of the 30th international conference on machine learning (ICML-13)},
  pages     = {1139--1147},
  year      = {2013}
}

@InBook{       taylor2010,
  author    = {Taylor, Graham W. and Fergus, Rob and LeCun, Yann and Bregler, Christoph},
  title     = {Convolutional learning of spatio-temporal features},
  publisher = {Springer},
  year      = {2010},
  pages     = {140--153}
}

@Article{      tenenbaum2000,
  author    = {Tenenbaum, J B and de Silva, V and Langford, J C},
  title     = {A global geometric framework for nonlinear dimensionality reduction.},
  volume    = {290},
  number    = {5500},
  journal   = {Science (New York, N.Y.)},
  year      = {2000},
  pages     = {2319--2323}
}

@InProceedings{tieleman2008,
  title     = {Training restricted Boltzmann machines using approximations to the likelihood gradient},
  author    = {Tieleman, Tijmen},
  booktitle = {Proceedings of the 25th International Conference on Machine learning},
  pages     = {1064--1071},
  year      = {2008},
  organization={ACM}
}

@Article{      torre2008,
  author    = {Torre, Fernando De},
  title     = {Parameterized kernel principal component analysis: theory and applications to supervised and unsupervised image alignment parameterized kernel principal component analysis},
  journal   = {Computer},
  year      = {2008}
}

@Article{      traboulsee2008,
  title     = {Reduction in magnetic resonance imaging {T2} burden of disease in patients with relapsing-remitting multiple sclerosis: analysis of 48-week data from the {EVIDENCE} (EVidence of Interferon
              Dose-response: European North American Comparative Efficacy) study},
  author    = {Traboulsee, A and Al-Sabbagh, A and Bennett, R and Chang, P and Li, DKB and others},
  journal   = {BMC neurology},
  volume    = {8},
  number    = {1},
  pages     = {11},
  year      = {2008},
  publisher = {BioMed Central Ltd}
}

@Article{      turaga2009,
  author    = {Turaga, Srinivas C. and Briggman, Kevin L. and Helmstaedter, Moritz and Denk, Winfried and Seung, H. Sebastian},
  title     = {Maximin affinity learning of image segmentation},
  journal   = {Arxiv Preprint arXiv:},
  year      = {2009},
  pages     = {1--9}
}

@Article{      turaga2010,
  author    = {Turaga, Srinivas C. and Murray, Joseph F. and Jain, Viren and Roth, Fabian and Helmstaedter, Moritz and Briggman, Kevin and Denk, Winfried and Seung, H. Sebastian},
  title     = {Convolutional networks can learn to generate affinity graphs for image segmentation},
  volume    = {22},
  number    = {2},
  journal   = {Neural Computation},
  year      = {2010},
  pages     = {511--538}
}

@Article{      vincent2010,
  title     = {Stacked denoising autoencoders: Learning useful representations in a deep network with a local denoising criterion},
  author    = {Vincent, Pascal and Larochelle, Hugo and Lajoie, Isabelle and Bengio, Yoshua and Manzagol, Pierre-Antoine},
  journal   = {The Journal of Machine Learning Research},
  volume    = {11},
  pages     = {3371--3408},
  year      = {2010},
  publisher = {JMLR}
}

@InCollection{ weiss2013,
  title     = {Multiple sclerosis lesion segmentation using dictionary learning and sparse coding},
  author    = {Weiss, Nick and Rueckert, Daniel and Rao, Anil},
  booktitle = {Mori, K., Sakuma, I., Sato, Y., Barillot, C., Navab, N. (eds.) MICCAI 2013, Part I. LNCS 8149},
  pages     = {735--742},
  year      = {2013},
  publisher = {Springer, Heidelberg}
}

@Article{      werbos1974,
  title     = {Beyond regression: New tools for prediction and analysis in the behavioral sciences},
  author    = {Werbos, Paul},
  journal   = {PhD thesis, Harvard University},
  year      = {1974}
}

@Article{      wiesel1963,
  author    = {Wiesel, Torsten Niels and Hubel, David Hunter},
  title     = {Single-cell responses in striate cortex of kittens deprived of vision in one eye},
  volume    = {26},
  number    = {1003},
  journal   = {J Neurophysiol},
  year      = {1963},
  pages     = {17}
}

@Article{      wolz2010,
  author    = {Wolz, Robin and Aljabar, Paul and Hajnal, Joseph V and Hammers, Alexander and Rueckert, Daniel},
  title     = {{LEAP}: learning embeddings for atlas propagation.},
  volume    = {49},
  number    = {2},
  journal   = {NeuroImage},
  publisher = {Elsevier Inc.},
  year      = {2010},
  pages     = {1316--1325}
}

@InProceedings{wolz2010b,
  title     = {Manifold learning for biomarker discovery in {MR} imaging},
  author    = {Wolz, Robin and Aljabar, Paul and Hajnal, Joseph V and Rueckert, Daniel},
  booktitle = {MLMI 2010, LNCS, vol. 6357},
  pages     = {pp. 116--123},
  year      = {2010},
  city      = {Heidelberg},
  publisher = {Springer},
  editor    = {Wang, F. and Yan, P. and Suzuki, K. and Shen, D.}
}

@InProceedings{wolz2011,
  title     = {Manifold learning combining imaging with non-imaging information},
  author    = {Wolz, Robin and Aljabar, Paul and Hajnal, Joseph V and Lotjonen, J and Rueckert, Daniel},
  booktitle = {International Symposium on Biomedical Imaging},
  pages     = {1637--1640},
  year      = {2011},
  organization={IEEE}
}

@Article{      wolz2012,
  author    = {Wolz, Robin and Aljabar, Paul and Hajnal, Joseph V and L\"otj\"onen, Jyrki and Rueckert, Daniel},
  title     = {Nonlinear dimensionality reduction combining {MR} imaging with non-imaging information.},
  volume    = {16},
  number    = {4},
  journal   = {Medical Image Analysis},
  publisher = {Elsevier B.V.},
  year      = {2012},
  pages     = {819--830}
}

@InProceedings{wu2013,
  author    = {Wu, Guorong and Kim, Minjeong and Wang, Qian and Gao, Yaozong},
  title     = {Unsupervised Deep Feature Learning for Deformable Registration of {MR} Brain Images},
  booktitle = {Medical Image Computing and Computer-Assisted Intervention},
  year      = {2013},
  pages     = {649--656}
}

@InCollection{ yoo2014,
  title     = {Deep Learning of Image Features from Unlabeled Data for Multiple Sclerosis Lesion Segmentation},
  author    = {Yoo, Youngjin and Brosch, Tom and Traboulsee, Anthony and Li, David KB and Tam, Roger},
  booktitle = {Wu, G., Zhang D., Zhou L. (eds.) MLMI 2014, LNCS, vol. 8679},
  pages     = {117--124},
  year      = {2014},
  publisher = {Springer, Heidelberg}
}

@InProceedings{zeiler2011,
  author    = {Zeiler, Matthew D. and Taylor, Graham W. and Fergus, Rob},
  title     = {Adaptive deconvolutional networks for mid and high level feature learning},
  isbn      = {978-1-4577-1102-2},
  url       = {\url{http://ieeexplore.ieee.org/lpdocs/epic03/wrapper.htm?arnumber=6126474}},
  doi       = {10.1109/ICCV.2011.6126474},
  booktitle = {2011 IEEE International Conference on Computer Vision},
  publisher = {Ieee},
  year      = {2011},
  month     = {Nov},
  pages     = {2018--2025}
}

@Article{      zeiler2012,
  title     = {{ADADELTA}: {An} adaptive learning rate method},
  author    = {Zeiler, Matthew D.},
  journal   = {arXiv preprint arXiv:1212.5701},
  year      = {2012}
}

@InProceedings{zeiler2013,
  author    = {Zeiler, Matthew D. and Fergus, Rob},
  title     = {Stochastic pooling for regularization of deep convolutional neural networks},
  booktitle = {1st International Conference on Learning Representations},
  year      = {2013},
  pages     = {1--9}
}

@inproceedings{zhang2006,
  title     = {On manifold structure of cardiac {MRI} data: {A}pplication to segmentation},
  author    = {Zhang, Qilong and Souvenir, Richard and Pless, Robert},
  booktitle = {2006 IEEE Conference on Computer Vision and Pattern Recognition, },
  volume    = {1},
  pages     = {1092--1098},
  year      = {2006},
  organization={IEEE}
}

@Article{      zhang2012,
  author    = {Zhang, Zhenyue and Wang, Jing and Zha, Hongyuan},
  title     = {Adaptive manifold learning},
  volume    = {34},
  number    = {2},
  journal   = {IEEE Transactions on Pattern Analysis and Machine Intelligence},
  year      = {2012},
  month     = {Mar},
  pages     = {253--265}
}
