@Misc{dertag,
  author = {Tanja Dannecker and Matthias Pasedag and Christa Stoll and Heinrich Sturm},
  title = {Der Tag wird zur Nacht},
  howpublished = {\url{http://www.dertagwirdzurnacht.de/}},
  year = 	 {2003},
  note = {Last accessed: 2012-02-20}
}

﻿﻿@article {spatialSound, 
	author={Algazi, V. Ralph and Duda, Richard O.},
	title={Headphone-Based Spatial Sound}, 
	volume={28}, 
	url={\url{http://ieeexplore.ieee.org/xpls/abs_all.jsp?arnumber=5670436}}, 
	number={1}, 
	journal={Signal Processing Magazine, IEEE}, 
	publisher={IEEE}, 
	year={2011}, 
	pages={33--42}, 
}﻿

@misc {ultracane, 
	author={{Sound Foresight Technology Ltd}},
	title={UltraCane}, 
	howpublished={\url{http://www.ultracane.com/}},
	note = {Last accessed: 2012-02-21}
} 

﻿@misc {tankcommander, 
	author={GMA},
	title={GMA Tank Commander}, 
	howpublished={\url{http://gmagames.com/gtc1.shtml}},
	note = {Last accessed: 2012-02-21}
} 

@article {chile, 
	author={S\'anchez, Jaime and S\'aenz, Mauricio},
	title={3D sound interactive environments for blind children problem solving skills}, 
	volume={25}, 
	ISBN={0144929060063}, 
	url={\url{http://www.tandfonline.com/doi/abs/10.1080/01449290600636660}}, 
	DOI={10.1080/01449290600636660}, 
	number={4}, 
	journal={Behaviour \& Information Technology}, 
	year={2006}, 
	month={Jul}, 
	pages={367--378}, 
} 

@article {terraformers, 
	author={Westin, Thomas},
	title={Game accessibility case study: Terraformers -- a real-time 3D graphic game}, 
	url={\url{http://www.icdvrat.rdg.ac.uk/2004/papers/S03_N3_Westin_ICDVRAT2004.pdf}}, 
	journal={Proceedings of the 5th International Conference on Disability, Virtual Reality and Accociated Technology}, 
	year={2004}, 
	pages={95--100}, 
}

@article {secondlife, 
	author={White, Gareth R. and Fitzpatrick, Geraldine and McAllister, Graham},
	title={Toward accessible 3D virtual environments for the blind and visually impaired}, 
	ISBN={9781605582481}, 
	url={\url{http://dl.acm.org/citation.cfm?id=1413663}}, 
	journal={Proceedings of the 3rd international conference on Digital Interactive Media in Entertainment and Arts}, 
	year={2008}, 
	pages={8}, 
}﻿

@inbook {audiodyssey, 
	author={Glinert, Eitan and Wyse, Lonce},
	title={AudiOdyssey: an accessible video game for both sighted and non-sighted gamers}, 
	ISBN={9781595939432}, 
	url={\url{http://dl.acm.org/citation.cfm?id=1328255}}, 
	booktitle={Proceedings of the 2007 conference on Future Play}, 
	publisher={ACM}, 
	year={2007}, 
	pages={251--252}, 
} 

﻿@misc {dialog, 
	author={{Dialogue Social Enterprise GmbH}},
	title={Dialogue in the Dark}, 
	howpublished={\url{http://www.dialogue-in-the-dark.com/}},
	note={Last accessed: 2012-02-21}
}

@article {survey,
	author={Yuan, Bei and Folmer, Eelke and Harris, Jr., Frederick C.},
	title={Game accessibility: a survey}, 
	volume={10}, 
	url={\url{http://www.springerlink.com/index/A0273KW751Q71332.pdf}}, 
	number={1}, 
	journal={Universal Access in the Information Society}, 
	publisher={Springer}, 
	year={2011}, 
	pages={81--100}, 
} 