@article{zijdenbos1994,
  title={Morphometric analysis of white matter lesions in MR images: method and validation},
  author={Zijdenbos, Alex P and Dawant, Benoit M and Margolin, Richard A and Palmer, Andrew C},
  journal={Medical Imaging, IEEE Transactions on},
  volume={13},
  number={4},
  pages={716--724},
  year={1994},
  publisher={IEEE}
}

@incollection{geremia2010,
  title={Spatial decision forests for MS lesion segmentation in multi-channel MR images},
  author={Geremia, Ezequiel and Menze, Bjoern H and Clatz, Olivier and Konukoglu, Ender and Criminisi, Antonio and Ayache, Nicholas},
  booktitle={Medical Image Computing and Computer-Assisted Intervention--MICCAI 2010},
  pages={111--118},
  year={2010},
  publisher={Springer}
}

@incollection{weiss2013,
  title={Multiple sclerosis lesion segmentation using dictionary learning and sparse coding},
  author={Weiss, Nick and Rueckert, Daniel and Rao, Anil},
  booktitle={Medical Image Computing and Computer-Assisted Intervention--MICCAI 2013},
  pages={735--742},
  year={2013},
  publisher={Springer}
}

@incollection{yoo2014,
  title={Deep Learning of Image Features from Unlabeled Data for Multiple Sclerosis Lesion Segmentation},
  author={Yoo, Youngjin and Brosch, Tom and Traboulsee, Anthony and Li, David KB and Tam, Roger},
  booktitle={Machine Learning in Medical Imaging},
  pages={117--124},
  year={2014},
  publisher={Springer}
}

@inproceedings{souplet2008,
  title={An automatic segmentation of T2-FLAIR multiple sclerosis lesions},
  author={Souplet, Jean-Christophe and Lebrun, Christine and Ayache, Nicholas and Malandain, Gr{\'e}goire},
  booktitle={The MIDAS Journal-MS Lesion Segmentation (MICCAI 2008 Workshop)},
  year={2008}
}

@article {Ciresan2012,
author={Ciresan, D and Giusti, Alessandro and Schmidhuber, J},
title={Deep neural networks segment neuronal membranes in electron microscopy images}, 
journal={Advances in Neural Information Processing Systems}, 
year={2012}, 
pages={1--9}, 
}

@article{LeCun1998,
  title={Gradient-based learning applied to document recognition},
  author={LeCun, Yann and Bottou, L{\'e}on and Bengio, Yoshua and Haffner, Patrick},
  journal={Proceedings of the {IEEE}},
  volume={86},
  number={11},
  pages={2278--2324},
  year={1998},
  publisher={IEEE}
}

@inproceedings{zeiler2011,
  title={Adaptive deconvolutional networks for mid and high level feature learning},
  author={Zeiler, Matthew D and Taylor, Graham W and Fergus, Rob},
  booktitle={Computer Vision (ICCV), 2011 IEEE International Conference on},
  pages={2018--2025},
  year={2011},
  organization={IEEE}
}

@misc {notused,
author=none
}

@inproceedings {Lee2009, 
author={Lee, Honglak and Grosse, Roger and Ranganath, Rajesh and Ng, Andrew Y.},
title={Convolutional deep belief networks for scalable unsupervised learning of hierarchical representations}, 
booktitle={Proceedings of the 26th Annual International Conference on Machine Learning}, 
year={2009}, 
pages={609--616}, 
}

@article {Lee2011, 
author={Lee, Honglak and Grosse, Roger and Ranganath, Rajesh and Ng, Andrew Y.},
title={Unsupervised learning of hierarchical representations with convolutional deep belief networks}, 
volume={54}, 
number={10}, 
journal={Communications of the ACM}, 
year={2011}, 
pages={95--103}, 
}

@article {Raina2009, 
author={Raina, Rajat and Madhavan, A},
title={Large-scale deep unsupervised learning using graphics processors}, 
url={\url{http://dl.acm.org/citation.cfm?id=1553486}}, 
journal={Conference on Machine Learning}, 
year={2009}, 
}

@article {Jarrett2009, 
author={Jarrett, Kevin and Kavukcuoglu, Koray and Ranzato, Marc'Aurelio and LeCun, Yann},
title={What is the best multi-stage architecture for object recognition?}, 
ISBN={978-1-4244-4420-5}, 
url={\url{http://ieeexplore.ieee.org/lpdocs/epic03/wrapper.htm?arnumber=5459469}}, 
DOI={10.1109/ICCV.2009.5459469}, 
journal={International Conference on Computer Vision}, 
publisher={Ieee}, 
year={2009}, 
pages={2146--2153}, 
}

@article {Hinton2006b, 
author={Hinton, Geoffrey E. and Osindero, Simon and Teh, Yee-Whye},
title={A fast learning algorithm for deep belief nets}, 
volume={18}, 
number={7}, 
journal={Neural computation}, 
publisher={MIT Press}, 
year={2006}, 
pages={1527--1554}, 
}

@article {Zeiler2011, 
author={Zeiler, Matthew D. and Taylor, Graham W. and Fergus, Rob},
title={Adaptive deconvolutional networks for mid and high level feature learning}, 
ISBN={978-1-4577-1102-2}, 
url={\url{http://ieeexplore.ieee.org/lpdocs/epic03/wrapper.htm?arnumber=6126474}}, 
DOI={10.1109/ICCV.2011.6126474}, 
journal={2011 International Conference on Computer Vision}, 
publisher={Ieee}, 
year={2011}, 
pages={2018--2025}, 
} 

@techreport {Hinton2010, 
author={Hinton, Geoffrey E.},
title={A practical guide to training restricted {Boltzmann} machines}, 
number={UTML TR 2010-003},
institution={Department of Computer Science, University of Toronto},
year={2010}, 
pages={21}, 
}

@inproceedings {Nair2010, 
author={Nair, Vinod and Hinton, Geoffrey E.},
title={Rectified linear units improve restricted boltzmann machines}, 
booktitle={Proceedings of the 27th Annual International Conference on Machine Learning}, 
year={2010},
pages={807--814}
}

@article {Marcus2007, 
author={Marcus, Daniel S and Wang, Tracy H and Parker, Jamie and Csernansky, John G and Morris, John C and Buckner, Randy L},
title={Open Access Series of Imaging Studies ({OASIS}): cross-sectional {MRI} data in young, middle aged, nondemented, and demented older adults.}, 
volume={19}, 
url={\url{http://www.ncbi.nlm.nih.gov/pubmed/17714011}}, 
DOI={10.1162/jocn.2007.19.9.1498}, 
number={9}, 
journal={Journal of cognitive neuroscience}, 
year={2007}, 
pages={1498--507}, 
}

@article {Lee2011b,
author={Lee, Noah and Laine, Andrew and Klein, Arno},
title={Towards a deep learning approach to brain parcellation}, 
journal={IEEE International Symposium on Biomedical Imaging}, 
year={2011}, 
}

@article {Cruz2013, 
author={Cruz-roa, Angel Alfonso and Edison, John and Ovalle, Arevalo and Madabhushi, Anant and Gonz, Fabio Augusto},
title={A Deep Learning Architecture for Image Representation, Visual Interpretability and Automated Basal-Cell Carcinoma Cancer Detection}, 
journal={Medical Image Computing and Computer-Assisted Intervention--MICCAI 2013}, 
year={2013}, 
pages={403--410}, 
}
 
@article {Liao2013, 
author={Liao, Shu and Gao, Yaozong and Oto, Aytekin and Shen, Dinggang},
title={Representation Learning : A Unified Deep Learning Framework for Automatic Prostate MR Segmentation}, 
journal={Medical Image Computing and Computer-Assisted Intervention--MICCAI 2013}, 
year={2013}, 
pages={254--261}, 
}
 
@article {Suk2013, 
author={Suk, Heung-il and Shen, Dinggang},
title={Deep Learning-Based Feature Representation for AD / MCI Classification}, 
journal={Medical Image Computing and Computer-Assisted Intervention--MICCAI 2013}, 
year={2013}, 
pages={583--590}, 
}
 
@article {Wu2013,
author={Wu, Guorong and Kim, Minjeong and Wang, Qian and Gao, Yaozong},
title={Unsupervised Deep Feature Learning for Deformable Registration of MR Brain Images}, 
journal={Medical Image Computing and Computer-Assisted Intervention--MICCAI 2013}, 
year={2013}, 
pages={649--656}, 
}

@article {Krizhevsky2012, 
author={Krizhevsky, Alex and Sutskever, I and Hinton, G},
title={ImageNet classification with deep convolutional neural networks}, 
journal={Advances in Neural Information Processing Systems}, 
year={2012}, 
pages={1--9}, 
}

@article {Hinton2012, 
author={Hinton, Geoffrey E. and Srivastava, N.},
title={Improving neural networks by preventing co-adaptation of feature detectors}, 
journal={arXiv preprint arXiv:1207.0580}, 
year={2012}, 
pages={1--18}, 
}

@inbook {Scherer2010, 
author={Scherer, Dominik and M\"uller, Andreas and Behnke, Sven},
title={Evaluation of pooling operations in convolutional architectures for object recognition}, 
booktitle={International Conference on Artificial Neural Networks}, 
year={2010}, 
pages={92--101}, 
}

@inproceedings{deng2009,
  title={Imagenet: A large-scale hierarchical image database},
  author={Deng, Jia and Dong, Wei and Socher, Richard and Li, Li-Jia and Li, Kai and Fei-Fei, Li},
  booktitle={IEEE Conference on Computer Vision and Pattern Recognition},
  pages={248--255},
  year={2009},
  organization={IEEE}
}

@article {Ciresan2011, 
author={Cire\c{s}an, Dan C. and Meier, Ueli and Masci, Jonathan and Gambardella, Luca M. and Schmidhuber, J\"urgen},
title={Flexible, high performance convolutional neural networks for image classification}, 
journal={Proceedings of the 22nd International Joint Conference on Artificial Intelligence}, 
year={2011}, 
pages={1237--1242}, 
} 

@article {Simard2003, 
author={Simard, P.Y. and Steinkraus, D. and Platt, J.C.},
title={Best practices for convolutional neural networks applied to visual document analysis}, 
volume={1}, 
number={Icdar}, 
journal={Seventh International Conference on Document Analysis and Recognition, 2003. Proceedings.}, 
publisher={IEEE Comput. Soc}, 
year={2003}, 
pages={958--963}, 
}
@article {Brosch2013, 
author={Brosch, Tom and Tam, Roger},
title={Manifold Learning of Brain {MRIs} by Deep Learning}, 
journal={Medical Image Computing and Computer-Assisted Interventation}, 
year={2013}, 
pages={633--640}, 
}

@MISC{Krizhevsky2012b,
author = {Krizhevsky, Alex},
title = {High-performance {C++/CUDA} implementation of convolutional neural networks},
year = {2012},
howpublished={\url{http://code.google.com/p/cuda-convnet/}}
}

@article {Zeiler2013, 
author={Zeiler, Matthew D. and Fergus, Rob},
title={Stochastic pooling for regularization of deep convolutional neural networks}, 
url={\url{http://arxiv.org/abs/1301.3557}}, 
journal={arXiv preprint arXiv:1301.3557}, 
year={2013}, 
pages={1--9}, 
} 

@article {Jenkinson2002, 
author={Jenkinson, Mark and Bannister, Peter and Brady, Michael and Smith, Stephen},
title={Improved Optimization for the Robust and Accurate Linear Registration and Motion Correction of Brain Images}, 
volume={17}, 
number={2}, 
journal={{NeuroImage}}, 
year={2002}, 
pages={825--841}, 
}

@techreport {Andersson2007, 
author={Andersson, Jesper L. R. and Jenkinson, Mark and Smith, Stephen},
title={Non-linear registration, aka Spatial normalisation}, 
number={TR07JA2},
institution={FMRIB Centre, Oxford, United Kingdom},
year={2007}, 
pages={21}, 
}

@article {Fischer1999, 
author={Fischer, J S and Rudick, R A and Cutter, G R and Reingold, S C},
title={The Multiple Sclerosis Functional Composite measure ({MSFC}): an integrated approach to {MS} clinical outcome assessment}, 
volume={5}, 
number={4}, 
journal={Multiple Sclerosis}, 
year={1999}, 
pages={244--250}, 
}

@article {Smith2002, 
author={Smith, Stephen M. and Zhang, Yongyue and Jenkinson, Mark and Chen, Jacqueline and Matthews, P.M. and Federico, Antonio and De Stefano, Nicola},
title={Accurate, Robust, and Automated Longitudinal and Cross-Sectional Brain Change Analysis}, 
volume={17}, 
number={1}, 
journal={NeuroImage}, 
year={2002}, 
pages={479--489}, 
}

@article {Saul2003, 
author={Saul, LK and Roweis, ST},
title={Think globally, fit locally: unsupervised learning of low dimensional manifolds}, 
volume={4}, 
journal={The Journal of Machine Learning Research}, 
year={2003}, 
pages={119--155}, 
}

@article{Belkin2002,
  title={Laplacian eigenmaps for dimensionality reduction and data representation},
  author={Belkin, Mikhail and Niyogi, Partha},
  journal={Neural Computation},
  volume={15},
  number={6},
  pages={1373--1396},
  year={2003},
  publisher={MIT Press}
}

@article {Tenenbaum2000, 
author={Tenenbaum, J B and de Silva, V and Langford, J C},
title={A global geometric framework for nonlinear dimensionality reduction.}, 
volume={290}, 
number={5500}, 
journal={Science}, 
year={2000}, 
pages={2319--2323}, 
}

@article {Gerber2010, 
author={Gerber, Samuel and Tasdizen, Tolga and Fletcher, P. Thomas and Sarang Joshi and Ross Whitaker},
title={Manifold modeling for brain population analysis}, 
volume={14}, 
number={5}, 
journal={Medical Image Analysis}, 
year={2010}, 
pages={643--653}, 
}

@article {Hamm2010, 
author={Hamm, J. and Ye, D.H. and Verma, R.},
title={GRAM: A framework for geodesic registration on anatomical manifolds}, 
volume={14}, 
number={5}, 
journal={Medical Image Analysis}, 
year={2010}, 
pages={633--642}, 
}

@inproceedings{Wolz2011,
  title={Manifold learning combining imaging with non-imaging information},
  author={Wolz, Robin and Aljabar, Paul and Hajnal, Joseph V and Lotjonen, J and Rueckert, Daniel},
  booktitle={International Symposium on Biomedical Imaging},
  pages={1637--1640},
  year={2011},
  organization={IEEE}
}

@article {Wolz2010, 
author={Wolz, Robin and Aljabar, Paul and Hajnal, Joseph V and Hammers, Alexander and Rueckert, Daniel},
title={{{LEAP}}: learning embeddings for atlas propagation.}, 
volume={49}, 
number={2}, 
journal={NeuroImage}, 
publisher={Elsevier Inc.}, 
year={2010}, 
pages={1316--1325}, 
}

@inproceedings{Etyngier2007,
  title={Shape priors using manifold learning techniques},
  author={Etyngier, Patrick and S{\'e}gonne, Florent and Keriven, Renaud},
  booktitle={11th International Conference on Computer Vision},
  pages={1--8},
  year={2007},
  organization={IEEE}
}

@article {AljabarRueckert2011,
author={Aljabar, Paul and Wolz, Robin and Srinivasan, Latha and Counsell, Serena J and Rutherford, Mary A and Edwards, A David and Hajnal, Joseph V and Rueckert, Daniel},
title={A combined manifold learning analysis of shape and appearance to characterize neonatal brain development.}, 
volume={30}, 
number={12}, 
journal={IEEE Transactions on Medical Imaging}, 
year={2011}, 
pages={2072--2086}, 
}

@article {Katsavos2013, 
author={Katsavos, Serafeim and Anagnostouli, Maria},
title={Biomarkers in Multiple Sclerosis: An Up-to-Date Overview}, 
volume={2013}, 
number={ii}, 
journal={Multiple sclerosis international}, 
year={2013}, 
pages={20}, 
}

@inproceedings{Wolz2010b,
  title={Manifold learning for biomarker discovery in {MR} imaging},
  author={Wolz, Robin and Aljabar, Paul and Hajnal, Joseph V and Rueckert, Daniel},
  booktitle={MLMI 2010, LNCS, vol. 6357},
  pages={pp. 116--123},
  year={2010},
  city={Heidelberg},
  publisher={Springer},
  editor={Wang, F. and Yan, P. and Suzuki, K. and Shen, D.}
}

@article {Wolz2012, 
author={Wolz, Robin and Aljabar, Paul and Hajnal, Joseph V and L\"otj\"onen, Jyrki and Rueckert, Daniel},
title={Nonlinear dimensionality reduction combining {MR} imaging with non-imaging information.}, 
volume={16}, 
number={4}, 
journal={Medical Image Analysis}, 
publisher={Elsevier B.V.}, 
year={2012}, 
pages={819--830}, 
}

@article {Fonov2011, 
author={Fonov, Vladimir and Evans, Alan C and Botteron, Kelly and Almli, C Robert and McKinstry, Robert C and Collins, D Louis},
title={Unbiased average age-appropriate atlases for pediatric studies.}, 
volume={54}, 
number={1}, 
journal={NeuroImage}, 
publisher={Elsevier Inc.}, 
year={2011}, 
pages={313--327}, 
}

@inproceedings {Ngiam2011, 
author={Ngiam, Jiquan and Khosla, Aditya and Kim, Mingyu and Nam, Juhan and Lee, Honglak and Ng, Andrew Y.},
title={Multimodal deep learning}, 
booktitle={28th International Conference on Machine Learning}, 
year={2011}, 
pages={689--696}, 
}

@article {Cayton2005, 
author={Cayton, Lawrence},
title={Algorithms for manifold learning}, 
journal={Univ. of California at San Diego Tech. Rep},
pages={1--17},
year={2005}, 
} 

@article {Ceccarelli2012, 
author={Ceccarelli, A. and Jackson, J.S. and Tauhid, S. and Arora, A. and Gorky, J. and Dell'Oglio, E. and Bakshi, A. and Chitnis, T. and Khoury, S.J. and Weiner, H.L. and et al.},
title={The impact of lesion in-painting and registration methods on voxel-based morphometry in detecting regional cerebral gray matter atrophy in multiple sclerosis.}, 
volume={33}, 
number={8}, 
journal={AJNR American Journal of Neuroradiology}, 
year={2012}, 
pages={1579--1585}, 
}
