@inproceedings{geremia2010,
  title={Spatial decision forests for {MS} lesion segmentation in multi-channel {MR} images},
  author={Geremia, Ezequiel and Menze, Bjoern H and Clatz, Olivier and Konukoglu, Ender and Criminisi, Antonio and Ayache, Nicholas},
  booktitle={Jian, T., Navab, N., Pluim, J., Viergever, M. (eds.) MICCAI 2010, Part I. LNCS, vol. 6362},
  pages={111--118},
  year={2010},
  publisher={Springer, Heidelberg}
}

@incollection{weiss2013,
  title={Multiple sclerosis lesion segmentation using dictionary learning and sparse coding},
  author={Weiss, Nick and Rueckert, Daniel and Rao, Anil},
  booktitle={Mori, K., Sakuma, I., Sato, Y., Barillot, C., Navab, N. (eds.) MICCAI 2013, Part I. LNCS 8149},
  pages={735--742},
  year={2013},
  publisher={Springer, Heidelberg}
}

@incollection{yoo2014,
  title={Deep Learning of Image Features from Unlabeled Data for Multiple Sclerosis Lesion Segmentation},
  author={Yoo, Youngjin and Brosch, Tom and Traboulsee, Anthony and Li, David KB and Tam, Roger},
  booktitle={Wu, G., Zhang D., Zhou L. (eds.) MLMI 2014, LNCS, vol. 8679},
  pages={117--124},
  year={2014},
  publisher={Springer, Heidelberg}
}

@inproceedings{souplet2008,
  title={An automatic segmentation of {T2-FLAIR} multiple sclerosis lesions},
  author={Souplet, Jean-Christophe and Lebrun, Christine and Ayache, Nicholas and Malandain, Gr{\'e}goire},
  booktitle={MIDAS Journal - MICCAI 2008 Workshop},
  year={2008}
}

@article {Ciresan2012,
author={Ciresan, D and Giusti, Alessandro and Schmidhuber, J},
title={Deep neural networks segment neuronal membranes in electron microscopy images}, 
journal={Advances in Neural Information Processing Systems}, 
year={2012}, 
pages={1--9}, 
}

@article{LeCun1998,
  title={Gradient-based learning applied to document recognition},
  author={LeCun, Yann and Bottou, L{\'e}on and Bengio, Yoshua and Haffner, Patrick},
  journal={Proceedings of the {IEEE}},
  volume={86},
  number={11},
  pages={2278--2324},
  year={1998},
  publisher={IEEE}
}

@inproceedings{zeiler2011,
  title={Adaptive deconvolutional networks for mid and high level feature learning},
  author={Zeiler, Matthew D and Taylor, Graham W and Fergus, Rob},
  booktitle={2011 IEEE International Conference on Computer Vision (ICCV)},
  pages={2018--2025},
  year={2011},
  organization={IEEE}
}

@incollection{masci2011,
  title={Stacked convolutional auto-encoders for hierarchical feature extraction},
  author={Masci, Jonathan and Meier, Ueli and Cire{\c{s}}an, Dan and Schmidhuber, J{\"u}rgen},
  booktitle={Artificial Neural Networks and Machine Learning--ICANN 2011},
  pages={52--59},
  year={2011},
  publisher={Springer}
}

@article{styner20083d,
  title={{3D} segmentation in the clinic: A grand challenge {II}: {MS} lesion segmentation},
  author={Styner, Martin and Lee, Joohwi and Chin, Brian and Chin, M and Commowick, Olivier and Tran, H and Markovic-Plese, S and Jewells, V and Warfield, S},
  journal={MIDAS Journal - MICCAI 2008 Workshop},
  pages={1--6},
  year={2008},
  publisher={Citeseer}
}

@article{kang2014fully,
  title={Fully Convolutional Neural Networks for Crowd Segmentation},
  author={Kang, Kai and Wang, Xiaogang},
  journal={arXiv preprint arXiv:1411.4464},
  year={2014}
}

@article{duchi2011adaptive,
  title={Adaptive subgradient methods for online learning and stochastic optimization},
  author={Duchi, John and Hazan, Elad and Singer, Yoram},
  journal={The Journal of Machine Learning Research},
  volume={12},
  pages={2121--2159},
  year={2011},
  publisher={JMLR.org}
}

@article{kingma2014adam,
  title={Adam: A method for stochastic optimization},
  author={Kingma, Diederik and Ba, Jimmy},
  journal={arXiv preprint arXiv:1412.6980},
  year={2014}
}

@article{zeiler2012adadelta,
  title={ADADELTA: An adaptive learning rate method},
  author={Zeiler, Matthew D},
  journal={arXiv preprint arXiv:1212.5701},
  year={2012}
}

@article{dauphin2015rmsprop,
  title={RMSProp and equilibrated adaptive learning rates for non-convex optimization},
  author={Dauphin, Yann N and de Vries, Harm and Chung, Junyoung and Bengio, Yoshua},
  journal={arXiv preprint arXiv:1502.04390},
  year={2015}
}

@inproceedings{martens2010deep,
  title={Deep learning via Hessian-free optimization},
  author={Martens, James},
  booktitle={Proceedings of the 27th International Conference on Machine Learning (ICML-10)},
  pages={735--742},
  year={2010}
}

@inproceedings{brosch2015,
  title={Deep convolutional encoder networks for multiple sclerosis lesion segmentation},
  author={Brosch, Tom and Yoo, Youngjin and Tang, Lisa Y.W. and Li, David K.B. and Traboulsee, Anthony and Tam, Roger},
  booktitle={A. Frangi et al. (Eds.): MICCAI 2015, Part III, LNCS, vol. 9351},
  pages={3--11},
  year={2015},
  publisher={Springer}
}

@InProceedings{ronneberger2015,
  author = 	 {Ronneberger, Olaf and Fischer, Philipp and Brox, Thomas},
  title = 	 {U-Net: Convolutional Networks for Biomedical Image Segmentation},
  booktitle = {Proceedings of the 18th International Conferene on Medical Image Computing and Computer Assisted Interventions (MICCAI 2015)},
  pages = 	 {8},
  year = 	 {2015}
}

@inproceedings{jenkinson2005bet2,
  title={{BET2}: {MR}-based estimation of brain, skull and scalp surfaces},
  author={Jenkinson, Mark and Pechaud, Mickael and Smith, Stephen},
  booktitle={Eleventh annual meeting of the organization for human brain mapping},
  volume={17},
  year={2005},
  organization={Toronto, ON}
}

@article {Hinton2006b, 
author={Hinton, Geoffrey E. and Osindero, Simon and Teh, Yee-Whye},
title={A fast learning algorithm for deep belief nets}, 
volume={18}, 
number={7}, 
journal={Neural Computation}, 
publisher={MIT Press}, 
year={2006}, 
pages={1527--1554}, 
}

@article {Hinton2006, 
author={Hinton, Geoffrey E. and Salakhutdinov, Ruslan},
title={Reducing the dimensionality of data with neural networks}, 
volume={313}, 
number={5786}, 
journal={Science}, 
year={2006}, 
month={Jul}, 
pages={504--507}, 
}

@article{hochreiter1991untersuchungen,
  title={Untersuchungen zu dynamischen neuronalen {Netzen}},
  author={Hochreiter, Sepp},
  journal={Diploma, Technische Universit{\"a}t M{\"u}nchen},
  year={1991}
}

@article{shiee2010topology,
  title={A topology-preserving approach to the segmentation of brain images with multiple sclerosis lesions},
  author={Shiee, Navid and Bazin, Pierre-Louis and Ozturk, Arzu and Reich, Daniel S and Calabresi, Peter A and Pham, Dzung L},
  journal={NeuroImage},
  volume={49},
  number={2},
  pages={1524--1535},
  year={2010},
  publisher={Elsevier}
}

@article{dice1945measures,
  title={Measures of the amount of ecologic association between species},
  author={Dice, Lee R},
  journal={Ecology},
  volume={26},
  number={3},
  pages={297--302},
  year={1945},
  publisher={JSTOR}
}

@article{garcia2013review,
  title={Review of automatic segmentation methods of multiple sclerosis white matter lesions on conventional magnetic resonance imaging},
  author={Garc{\'\i}a-Lorenzo, Daniel and Francis, Simon and Narayanan, Sridar and Arnold, Douglas L and Collins, D Louis},
  journal={Medical image analysis},
  volume={17},
  number={1},
  pages={1--18},
  year={2013},
  publisher={Elsevier}
}

@incollection{scherer2010evaluation,
  title={Evaluation of pooling operations in convolutional architectures for object recognition},
  author={Scherer, Dominik and M{\"u}ller, Andreas and Behnke, Sven},
  booktitle={Artificial Neural Networks--ICANN 2010},
  pages={92--101},
  year={2010},
  publisher={Springer}
}

@inproceedings{lee2009convolutional,
  title={Convolutional deep belief networks for scalable unsupervised learning of hierarchical representations},
  author={Lee, Honglak and Grosse, Roger and Ranganath, Rajesh and Ng, Andrew Y},
  booktitle={Proceedings of the 26th Annual International Conference on Machine Learning},
  pages={609--616},
  year={2009},
  organization={ACM}
}

@article{brosch2014efficient,
  title={Efficient training of convolutional deep belief networks in the frequency domain for application to high-resolution {2D} and {3D} images},
  author={Brosch, Tom and Tam, Roger},
  journal={Neural computation},
  year={2014},
  publisher={MIT Press}
}

@inproceedings{sutskever2013importance,
  title={On the importance of initialization and momentum in deep learning},
  author={Sutskever, Ilya and Martens, James and Dahl, George and Hinton, Geoffrey},
  booktitle={Proceedings of the 30th international conference on machine learning (ICML-13)},
  pages={1139--1147},
  year={2013}
}

@article{kappos2006long,
  title={Long-term subcutaneous interferon beta-1a therapy in patients with relapsing-remitting {MS}},
  author={Kappos, L and Traboulsee, A and Constantinescu, C and Er{\"a}linna, J-P and Forrestal, F and Jongen, P and Pollard, J and Sandberg-Wollheim, Magnhild and Sindic, C and Stubinski, B and others},
  journal={Neurology},
  volume={67},
  number={6},
  pages={944--953},
  year={2006},
  publisher={AAN Enterprises}
}

@article{traboulsee2008reduction,
  title={Reduction in magnetic resonance imaging {T2} burden of disease in patients with relapsing-remitting multiple sclerosis: analysis of 48-week data from the {EVIDENCE (EVidence of Interferon Dose-response: European North American Comparative Efficacy)} study},
  author={Traboulsee, A and Al-Sabbagh, A and Bennett, R and Chang, P and Li, DKB and others},
  journal={BMC Neurology},
  volume={8},
  number={1},
  pages={11},
  year={2008},
  publisher={BioMed Central Ltd}
}

@article{schmidt2012automated,
  title={An automated tool for detection of {FLAIR}-hyperintense white-matter lesions in multiple sclerosis},
  author={Schmidt, Paul and Gaser, Christian and Arsic, Milan and Buck, Dorothea and F{\"o}rschler, Annette and Berthele, Achim and Hoshi, Muna and Ilg, R{\"u}diger and Schmid, Volker J and Zimmer, Claus and others},
  journal={NeuroImage},
  volume={59},
  number={4},
  pages={3774--3783},
  year={2012},
  publisher={Elsevier}
}

@article{sudre2015,
  title={Bayesian model selection for pathological neuroimaging data applied to white matter lesion segmentation},
  author={Sudre, Carole and Cardoso, M Jorge and Bouvy, Willem and Biessels, Geert and Barnes, Josephine and Ourselin, Sebastien},
  year={2015},
  journal={IEEE Transactions on Medical Imaging},
  volume={34},
  number={10},
  pages={2079--2102},
  publisher={IEEE}
}

@article{vanleemput2001,
  title={Automated segmentation of multiple sclerosis lesions by model outlier detection},
  author={Van Leemput, Koen and Maes, Frederik and Vandermeulen, Dirk and Colchester, Alan and Suetens, Paul},
  journal={IEEE Transactions on Medical Imaging},
  volume={20},
  number={8},
  pages={677--688},
  year={2001},
  publisher={IEEE}
}

@article{tomas2015,
  title={A model of population and subject {(MOPS)} intensities with application to multiple sclerosis lesion segmentation},
  author={Tomas-Fernandez, Xavier and Warfield, Simon Keith},
  year={2015},
  journal={IEEE Transactions on Medical Imaging},
  volume={34},
  number={6},
  pages={1349--1361},
  publisher={IEEE}
}

@inproceedings{subbanna2015,
  title={{IMaGe}: {Iterative} Multilevel Probabilistic Graphical Model for Detection and Segmentation of Multiple Sclerosis Lesions in Brain {MRI}},
  author={Subbanna, Nagesh and Precup, Doina and Arnold, Douglas and Arbel, Tal},
  booktitle={Information Processing in Medical Imaging},
  pages={514--526},
  year={2015},
  organization={Springer}
}

@article{guizard2015,
  title={Rotation-invariant multi-contrast non-local means for {MS} lesion segmentation},
  author={Guizard, Nicolas and Coup{\'e}, Pierrick and Fonov, Vladimir S and Manj{\'o}n, Jose V and Arnold, Douglas L and Collins, D Louis},
  journal={NeuroImage: Clinical},
  volume={8},
  pages={376--389},
  year={2015},
  publisher={Elsevier}
}

@article{coupe2011,
  title={Patch-based segmentation using expert priors: Application to hippocampus and ventricle segmentation},
  author={Coup{\'e}, Pierrick and Manj{\'o}n, Jos{\'e} V and Fonov, Vladimir and Pruessner, Jens and Robles, Montserrat and Collins, D Louis},
  journal={NeuroImage},
  volume={54},
  number={2},
  pages={940--954},
  year={2011},
  publisher={Elsevier}
}

@inproceedings{long2015,
  title={Fully Convolutional Networks for Semantic Segmentation},
  author={Long, Jonathan and Shelhamer, Evan and Darrell, Trevor},
  booktitle={Proceedings of the IEEE Conference on Computer Vision and Pattern Recognition},
  pages={3431--3440},
  year={2015}
}

@article{roura2015,
  title={A toolbox for multiple sclerosis lesion segmentation},
  author={Roura, Eloy and Oliver, Arnau and Cabezas, Mariano and Valverde, Sergi and Pareto, Deborah and Vilanova, Joan C and Rami{\'o}-Torrent{\`a}, Llu{\'\i}s and Rovira, {\`A}lex and Llad{\'o}, Xavier},
  journal={Neuroradiology},
  volume={57},
  number={10},
  pages={1031--1043},
  year={2015},
  publisher={Springer}
}

@inproceedings{subbanna2009,
  title={MS lesion segmentation using Markov Random Fields},
  author={Subbanna, NK and Shah, M and Francis, SJ and Narayanan, S and Collins, DL and Arnold, DL and Arbel, T},
  booktitle={Proceedings the MICCAI 2009 Workshop on Medical Image Analysis on Multiple Sclerosis},
  pages={1--12},
  year={2009}
}

@article{breiman2001,
  title={Random forests},
  author={Breiman, Leo},
  journal={Machine learning},
  volume={45},
  number={1},
  pages={5--32},
  year={2001},
  publisher={Springer}
}

@InProceedings{nair2010,
  author    = {Nair, Vinod and Hinton, Geoffrey E.},
  title     = {Rectified linear units improve restricted {Boltzmann} machines},
  booktitle = {Proceedings of the 27th Annual International Conference on Machine Learning},
  year      = {2010},
  pages     = {807--814}
}

@InProceedings{krizhevsky2012,
  author    = {Krizhevsky, Alex and Sutskever, I and Hinton, G},
  title     = {{ImageNet} classification with deep convolutional neural networks},
  booktitle = {Advances in Neural Information Processing Systems},
  year      = {2012},
  pages     = {1--9}
}

@article{chetlur2014,
  title={{cuDNN}: {Efficient} primitives for deep learning},
  author={Chetlur, Sharan and Woolley, Cliff and Vandermersch, Philippe and Cohen, Jonathan and Tran, John and Catanzaro, Bryan and Shelhamer, Evan},
  journal={arXiv preprint arXiv:1410.0759},
  year={2014}
}

@article{jia2014,
  Author = {Jia, Yangqing and Shelhamer, Evan and Donahue, Jeff and Karayev, Sergey and Long, Jonathan and Girshick, Ross and Guadarrama, Sergio and Darrell, Trevor},
  Journal = {arXiv preprint arXiv:1408.5093},
  Title = {Caffe: Convolutional Architecture for Fast Feature Embedding},
  Year = {2014}
}

@MISC{Bastien2012,
        author = {Bastien, Fr{\'{e}}d{\'{e}}ric and Lamblin, Pascal and Pascanu, Razvan and Bergstra, James and Goodfellow, Ian J. and Bergeron, Arnaud and Bouchard, Nicolas and Bengio, Yoshua},
         title = {Theano: new features and speed improvements},
          year = {2012},
  howpublished = {Deep Learning and Unsupervised Feature Learning NIPS 2012 Workshop},
}

@inproceedings{collobert2011torch7,
  title={Torch7: A matlab-like environment for machine learning},
  author={Collobert, Ronan and Kavukcuoglu, Koray and Farabet, Cl{\'e}ment},
  booktitle={BigLearn, NIPS Workshop},
  number={EPFL-CONF-192376},
  year={2011}
}
