@inproceedings{geremia2010,
  title={Spatial decision forests for {MS} lesion segmentation in multi-channel {MR} images},
  author={Geremia, Ezequiel and Menze, Bjoern H and Clatz, Olivier and Konukoglu, Ender and Criminisi, Antonio and Ayache, Nicholas},
  booktitle={Jian, T., Navab, N., Pluim, J., Viergever, M. (eds.) MICCAI 2010, Part I. LNCS, vol. 6362},
  pages={111--118},
  year={2010},
  publisher={Springer, Heidelberg}
}

@incollection{weiss2013,
  title={Multiple sclerosis lesion segmentation using dictionary learning and sparse coding},
  author={Weiss, Nick and Rueckert, Daniel and Rao, Anil},
  booktitle={Mori, K., Sakuma, I., Sato, Y., Barillot, C., Navab, N. (eds.) MICCAI 2013, Part I. LNCS 8149},
  pages={735--742},
  year={2013},
  publisher={Springer, Heidelberg}
}

@incollection{yoo2014,
  title={Deep Learning of Image Features from Unlabeled Data for Multiple Sclerosis Lesion Segmentation},
  author={Yoo, Youngjin and Brosch, Tom and Traboulsee, Anthony and Li, David KB and Tam, Roger},
  booktitle={Wu, G., Zhang D., Zhou L. (eds.) MLMI 2014, LNCS, vol. 8679},
  pages={117--124},
  year={2014},
  publisher={Springer, Heidelberg}
}

@inproceedings{souplet2008,
  title={An automatic segmentation of {T2-FLAIR} multiple sclerosis lesions},
  author={Souplet, Jean-Christophe and Lebrun, Christine and Ayache, Nicholas and Malandain, Gr{\'e}goire},
  booktitle={MIDAS Journal - MICCAI 2008 Workshop},
  year={2008}
}

@article {Ciresan2012,
author={Ciresan, D and Giusti, Alessandro and Schmidhuber, J},
title={Deep neural networks segment neuronal membranes in electron microscopy images}, 
journal={Advances in Neural Information Processing Systems}, 
year={2012}, 
pages={1--9}, 
}

@article{LeCun1998,
  title={Gradient-based learning applied to document recognition},
  author={LeCun, Yann and Bottou, L{\'e}on and Bengio, Yoshua and Haffner, Patrick},
  journal={Proceedings of the {IEEE}},
  volume={86},
  number={11},
  pages={2278--2324},
  year={1998},
  publisher={IEEE}
}

@inproceedings{zeiler2011,
  title={Adaptive deconvolutional networks for mid and high level feature learning},
  author={Zeiler, Matthew D and Taylor, Graham W and Fergus, Rob},
  booktitle={2011 IEEE International Conference on Computer Vision (ICCV)},
  pages={2018--2025},
  year={2011},
  organization={IEEE}
}

@incollection{masci2011,
  title={Stacked convolutional auto-encoders for hierarchical feature extraction},
  author={Masci, Jonathan and Meier, Ueli and Cire{\c{s}}an, Dan and Schmidhuber, J{\"u}rgen},
  booktitle={Artificial Neural Networks and Machine Learning--ICANN 2011},
  pages={52--59},
  year={2011},
  publisher={Springer}
}

@article{styner20083d,
  title={{3D} segmentation in the clinic: A grand challenge {II}: {MS} lesion segmentation},
  author={Styner, Martin and Lee, Joohwi and Chin, Brian and Chin, M and Commowick, Olivier and Tran, H and Markovic-Plese, S and Jewells, V and Warfield, S},
  journal={MIDAS Journal - MICCAI 2008 Workshop},
  pages={1--6},
  year={2008},
  publisher={Citeseer}
}

@article{kang2014fully,
  title={Fully Convolutional Neural Networks for Crowd Segmentation},
  author={Kang, Kai and Wang, Xiaogang},
  journal={arXiv preprint arXiv:1411.4464},
  year={2014}
}